2536 4492
594 232 619 355 ι,
672 315 751 332 ........
797 308 799 315 .

85 425 90 447 l
178 425 345 523 ,Attamen
367 428 514 523 Apostoli
541 458 608 500 non
638 441 744 504 stetim
764 415 847 511 hanc
867 438 1046 528 'doctrinam
1069 441 1110 508 de

110 543 253 631 libertate
266 539 520 606 Christianomm
533 539 653 625 ubique
663 540 878 621 inculcabant,
906 545 981 626 quin
1004 547 1111 627 potins

109 636 251 730 judaico³=
264 665 355 709 more
374 645 456 707 inter
475 641 617 707 ,Iudaeos
643 641 752 708 fideles
779 658 811 708 et
836 643 976 708 infideles
997 660 1028 709 et
1049 646 1113 730 ipsi

109 745 169 811 illo
182 758 335 831 tempore
355 744 521 821 vivebant,
558 756 590 808 et
607 743 704 821 alios,
739 758 773 811 ut
798 745 1020 825 inviserent,
1057 747 1112 810 ad·

73 874 78 899 ι
110 846 328 913 hortabantur.
390 843 441 910 Ex
462 843 589 921 multis,
626 846 741 959 quibus
760 847 822 912 hoc
840 860 979 926 constat,
1010 858 1113 937 exem·

112 950 175 1037 plis
194 970 298 1034 pauca
317 961 442 1012 tantum
461 944 573 1010 afferre
591 945 740 1011 liceat.

177 1050 327 1116 Paulus
346 1047 628 1134 quinquagesimae
640 1048 725 1113 diem
738 1049 965 1138 Hierosolymis
980 1050 1113 1118 celebra·

79 1216 83 1221 .
113 1167 202 1220 turus
233 1165 397 1238 properat,
439 1164 475 1214 ut
502 1163 683 1233 opportuno
711 1165 854 1236 tempore
887 1154 1034 1218 adveniat
1049 1155 1115 1237 .*),

115 1269 273 1341 caputque
298 1275 408 1330 suum,
427 1251 477 1315 'ut
503 1265 660 1330 voverat,·
682 1253 820 1317 totondit
840 1255 901 1340 **).
963 1246 1117 1320 Eundem

114 1356 262 1442 Apostoli
281 1351 515 1439 Hierosolymis
537 1350 684 1439 degentes
713 1370 849 1440 quatuor
871 1359 1016 1422 homines
1037 1356 1114 1421 'voto

53 1467 57 1474 '
114 1459 249 1545 jamjam
276 1456 439 1520 obstrictos
459 1452 627 1520 adsumere
647 1469 743 1542 atque
771 1459 899 1524 solitum
920 1461 956 1522 in
974 1457 1116 1523 Judaeo-

115 1581 190 1624 rum
209 1558 329 1642 templo
351 1553 538 1621 sacrificium
560 1554 672 1620 offerre
692 1559 843 1642 jubent,
846 1574 882 1625 ut
903 1581 1013 1624 omnes
1027 1557 1117 1624 Chri·

116 1660 211 1726 stiani
226 1661 404 1725 etiamtum
425 1656 485 1740 legi
507 1658 666 1736 mosaicae
692 1661 808 1751 addicti
836 1662 1007 1779 intelligant
1029 1660 1118 1745 Ψ),

104 1755 228 1828 »inanes
255 1783 324 1826 esse
346 1760 386 1824 de
408 1750 509 1842 Paulo
530 1778 693 1839 rumores,
728 1763 784 1845 qui
807 1763 868 1829 late
887 1765 986 1849 sparsi
1004 1764 1117 1827 Hiero-

116 1863 247 1950 solymis
272 1867 402 1948 quoque
425 1838 483 1921 illo
501 1872 645 1942 tempore
668 1860 812 1926 calerent.
870 1863 973 1929 Fama
1001 1865 1119 1931 scilicet

118 1982 188 2031 orta
204 1980 288 2045 erat,
314 1964 405 2027 illum
427 1983 537 2025 omnes
555 1960 698 2026 Judaeos
719 1971 751 2024 tu
766 1973 798 2044 τῇ
816 1966 957 2048 διαιιπορᾷ
977 1968 1118 2032 viventes

119 2069 251 2147 docere,
283 2089 304 2131 a
325 2064 420 2129 Mose
441 2060 668 2139 deficiendum,
698 2080 802 2147 neque
820 2064 933 2131 liberos
956 2071 1119 2134 circumci-

119 2171 259 2248 dendos,
295 2189 401 2252 neque
432 2166 593 2248 majorum
619 2164 763 2228 instituta
794 2169 948 2233 servanda
983 2191 1053 2234 esse
1077 2173 1119 2255 †).

119 2274 192 2358 lpse
215 2268 330 2357 igitur,
360 2283 395 2333 ut
414 2268 496 2331 hanc
513 2265 634 2329 lamam
653 2266 851 2348 reprimeret,
880 2269 940 2355 legi
963 2264 1069 2355 paruit
1088 2287 1121 2337 et

122 2397 161 2439 ex
174 2371 317 2438 consulto
331 2368 559 2455 Apostolorum
579 2366 638 2429 rite
663 2388 701 2430 ac
719 2368 829 2434 ordine
851 2373 960 2435 omnia
981 2373 1121 2457 comple-

120 2477 229 2565 vitffl
255 2475 345 2539 ldem
361 2457 505 2545 Paullus
518 2465 791 2550 Timotheum,
803 2469 940 2536 feminae
954 2468 1121 2558 cujusdam

120 2579 265 2665 judaicae
297 2573 420 2639 fidentis
453 2569 571 2647 lilium,
616 2581 705 2650 patre
738 2568 882 2651 Graeco,
926 2574 1122 2643 circumcidit

120 2695 251 2769 propter
284 2698 355 2754 eos,
403 2672 460 2758 qui
487 2684 576 2735 erant
603 2670 637 2732 in
664 2656 722 2767 illis
752 2671 845 2751 locis,
882 2674 1022 2740 Judaeos
1046 2681 1122 2763 ἡὴ).

123 2783 188 2850 Sed
212 2780 311 2868 prolte
339 2775 431 2859 nobis
460 2769 694 2837 observandum
719 2780 782 2851 est,
820 2773 989 2860 Apostolos
1012 2783 1124 2846 omnia

121 2887 202 2951 haec
221 2880 391 2947 mandasse
412 2890 443 2942 et
460 2873 569 2939 fecisse
589 2873 689 2956 magis
712 2894 748 2936 ex
767 2873 907 2942 libertate
928 2893 959 2944 et
981 2874 1124 2965 quadam

124 2981 425 3055 condescendentis,
470 2995 569 3060 quam
600 2974 799 3060 necessitate;
847 2982 1124 3061 quemadmodum

41 3132 45 3143 ι
124 3086 274 3154 Paulus
263 3105 331 3169 rpse
346 3082 477 3154 fatetur,
506 3074 708 3153 „seliberum
727 3075 858 3160 quidem
879 3101 947 3145 esse
968 3082 1007 3146 ab
1021 3086 1124 3148 omni·

125 3193 202 3268 bus,
235 3185 382 3251 omnibus
412 3194 520 3243 tamen
552 3195 587 3239 se
614 3176 828 3260 mancipasse,
852 3203 930 3279 quo
950 3183 1054 3269 plures
1076 3184 1122 3250 lu·

110 3302 112 3307 '
126 3287 280 3358 staretur?
281 3277 492 3365 ’,‚Jud2eis,”
508 3276 608 3354 addit,
618 3275 686 3353 „fui
700 3260 894 3359 ntJudaeus,
908 3286 1122 3367 qquudaeos

117 3392 349 3458 lucrificarem:
387 3380 454 3469 legi
471 3378 620 3455 subditis,
653 3391 688 3442 ut
709 3377 778 3471 legi
790 3383 952 3471 subditus,
979 3409 1045 3471 quo
1064 3389 1126 3473 legi

127 3494 269 3562 subditos
290 3485 513 3557 lucrificarem:
556 3481 732 3568 enegibus,
764 3478 927 3566 trieries,
962 3510 1027 3575 quo
1047 3491 1129 3560 exle-

163 3751 192 3824 *)
214 3752 519 3827 Cl.Actor.20,16.
623 3756 671 3830 ,**)
691 3755 735 3814 Cf.
750 3760 935 3829 Aeson-18,
954 3769 998 3824 18.
1030 3794 1038 3815 .-

73 3952 76 3959 Ι
164 3875 227 3947 W)
245 3878 291 3934 Cl.
306 3884 425 3943 Actor.
438 3888 491 3948 21,
506 3889 553 3945 to.
656 3878 752 3947 'll-Cf.
768 3882 887 3939 Actor.
901 3845 1011 3948 21}ss

163 3996 218 4070 ιι)
236 3998 279 4056 ct
294 4005 412 4060 notor.
428 4011 472 4069 ιι,
488 3974 642 4109 rs-o'q¹
675 4001 1132 4074 t-t-ttct,aetor.1o.t-e.
