2536 4492
931 144 949 175 ιιι,

996 188 1002 201 .

438 254 441 259 4
540 246 546 255 ἱ
654 250 658 263 Ι
868 217 873 228 “
894 240 897 245 .

471 290 558 315 .........
603 261 655 353 49
707 288 787 317 ........
963 306 966 313 ,

129 419 301 489 Christiani
315 417 522 511 ,quotidianas
547 443 620 487 suas
639 421 690 492 die
716 419 878 487 dominico
898 425 1131 510 occupationes,

128 525 204 604 sed,
246 528 389 609 tempore
414 522 618 589 conventibus
639 522 795 592 destinato
818 525 970 612 religiosis
990 545 1131 617 excepto,

129 626 288 713 reliquam
300 626 362 692 diei
368 622 494 711 ¹partem
507 624 635 710 perinde
649 640 745 713 atque
757 627 826 693 aliis
841 628 1051 697 hebdomadis
1066 633 1130 701 die·

130 730 192 797 bus
206 729 361 795 vacabant
378 726 555 804 laboribus,
579 743 612 823 ,⁶⁸
629 730 656 793 sl
675 730 804 816 quando
820 731 864 794 iis
883 751 917 796 se
933 731 995 798 hoc
1014 735 1065 800 die
1083 756 1130 804 re·
1209 744 1212 749 '

131 831 297 910 laxabant,
314 830 386 911 ¹hoc
403 844 509 896 tamen
525 833 625 897 otium
640 833 681 899 ad
697 834 938 899 celebrationem
952 834 1017 901 diei
1027 837 1129 905 domi-
1167 870 1171 883 =

132 935 198 1000 nici
210 934 364 1019 pertinere
376 947 432 998 aut
444 954 515 1001 cam
526 932 601 1001 inde
611 937 718 1021 augeri
723 928 820 1021 poste
833 924 999 1021 negabant
1037 939 1129 1007 Haec

134 1038 220 1103 enim
239 1037 385 1099 omnium
406 1037 633 1121 Apostolorum
655 1038 834 1103 communis
854 1039 895 1143 de
915 1038 1025 1115 diebus
1043 1040 1130 1113 lestis

133 1138 288 1204 sententia
307 1132 381 1217 luit,
416 1136 652 1206 etChristianos
665 1134 883 1237 antequam
874 1130 1135 1209 Constan-

134 1242 244 1306 rinus
264 1238 430 1326 Magnus
451 1236 533 1327 lege's
545 1246 618 1307 su'as
633 1242 682 1307 de
689 1240 906 1310 observatione
920 1244 984 1313 dact
993 1245 1067 1311 nobs
1082 1262 1129 1313 tu·

134 1342 190 1423 lit,
226 1344 284 1409 ab
293 1364 332 1409 ea
351 1343 416 1408 ullo
435 1343 535 1407 modo
558 1344 733 1412 discessisse
754 1367 936 1435 nusquam,
974 1360 1130 1436 quantum

135 1446 221 1527 scio,
236 1446 370 1514 relatum
382 1458 480 1515 exstat
473 1434 535 1554 *)

135 1630 344 1657 *-

175 1756 208 1827 *)
224 1756 301 1825 Quae
318 1756 353 1810 de
370 1756 415 1813 his
434 1760 516 1814 robur
530 1760 561 1813 in
576 1758 728 1815 esnonrbna
742 1771 772 1814 et
782 1759 1030 1839 constitutionibus
1042 1736 1129 1839 dput-

210 1840 332 1899 tolorum
344 1844 504 1909 traduntur,
521 1841 669 1899 manifesto
683 1845 796 1902 terioris
808 1860 874 1904 tunt
884 1850 993 1907 aetatis·
