2536 4492
490 300 561 356 truste:
610 277 638 352 2
687 304 770 356 suppose:

74 496 76 501 .
127 441 250 506 dierum
274 431 483 504 celebratione
505 436 665 522 prohibuit
681 437 723 522 ⁸¹¹)
745 454 899 522 unquam.
967 437 1125 504 Liberum

127 544 215 608 enim
229 562 296 606 esse
308 542 473 605 arbitratus
486 554 532 605 est
542 540 680 603 hominis
693 542 845 625 cuiusque
856 540 895 604 de
905 544 1000 604 sacris
1012 543 1125 604 diebus

125 658 182 708 aut
216 643 437 724 observandis,
479 656 533 705 aut
559 662 626 703 non
660 642 862 707 observandis
897 643 1049 726 judicium
1060 644 1125 723 **).

128 743 241 830 Quum
259 765 334 810 vero
345 745 474 811 haberet
485 742 773 830 persuasissimum,
781 790 786 826 3
799 745 918 808 nullam
931 746 1126 820 societatem,

123 847 318 931 simulatque
337 860 453 911 certam
472 845 634 930 quandam
652 844 810 929 religionis
826 846 964 910 sormam
982 868 1125 930 suscepe-

127 951 185 1027 rit,
216 949 417 1012 caerimoniis
440 969 566 1032 prorsus
589 968 693 1012 carere
710 969 820 1030 posse,
852 950 920 1032 ipse
938 950 1029 1011 binos
1046 950 1124 1011 ritus

129 1052 333 1117 sectatoribus
350 1052 414 1114 suis
432 1051 645 1134 praescripsit,
671 1050 864 1135 baptismum
882 1065 913 1114 et
931 1072 1063 1115 coenam
1077 1072 1125 1113 sa·

129 1177 233 1232 cram,
263 1175 400 1236 quorum
411 1173 468 1236 per
480 1151 613 1214 alterum
625 1152 770 1216 homines
782 1152 903 1236 ingredi
914 1154 946 1214 in
959 1152 1125 1216 ecclesiam

129 1240 222 1323 suam
233 1256 339 1340 jussit,
368 1275 424 1337 per
442 1254 576 1318 alterum
589 1256 779 1319 memoriam
791 1255 839 1317 sui
852 1255 909 1336 pia
916 1268 1021 1317 mente
1032 1273 1124 1318 reno·

128 1378 213 1421 vare.
263 1354 328 1420 Sed
346 1358 485 1420 neutrius
504 1356 714 1421 observationi
732 1371 851 1421 certum
871 1355 1032 1438 quendam
1050 1376 1126 1416 con·

128 1456 328 1524 stituitdiem.
351 1456 460 1540 Quare
467 1458 625 1541 praeclare
636 1458 882 1522 Moslremius
895 1457 979 1536 W),
990 1455 1124 1519 libertati

130 1576 161 1626 et
171 1559 356 1644 prudentiae
368 1558 566 1644 posteronim
580 1562 740 1644 negotium
752 1560 812 1622 hoc
823 1572 924 1620 totum
935 1559 975 1621 ab
987 1578 1026 1621 eo
1037 1556 1125 1619 relic·

129 1677 199 1725 tum
211 1680 296 1739 esse,
323 1661 501 1740 contendit,
526 1676 562 1729 ut
578 1676 610 1730 et
625 1662 793 1747 homiuum
806 1673 836 1727 et
846 1674 1026 1744 temporum
1037 1671 1069 1723 et
1080 1656 1124 1719 lo·

111 1874 112 1881 ’
163 1869 192 1941 *)
210 1867 259 1927 Cf.
278 1869 405 1926 March.
423 1872 472 1937 24,
489 1878 532 1932 20.
570 1866 826 1947 Προςεῦχεσθεδὲ,
853 1840 900 1922 iro
915 1860 1124 1941 μὴγένηταιὴ

198 1953 276 2028 φυγὴ
292 1951 373 2027 ὑμῶν
384 1960 540 2028 χειμῶνος,
563 1959 636 2029 μηδὲ
652 1953 787 2027 σαββάτῳ.
829 1958 905 2029 Haeo
918 1952 1067 2026 discipulis
1081 1951 1123 2004 dt-

196 2044 242 2096 xit
252 2043 269 2097 J
270 2059 344 2105 esus,
366 2039 489 2096 futuram
502 2046 758 2118 Hierosolymorum
773 2044 946 2097 eversionem
960 2039 1124 2092 vaticinans.

198 2131 252 2182 Pro
264 2141 341 2181 certo
355 2129 442 2200 igitur
457 2128 575 2192 sumsit,
598 2130 659 2185 illis
672 2145 732 2185 tum
746 2145 856 2200 quoque
873 2126 980 2181 sabbati
991 2125 1068 2177 diem
1082 2139 1124 2176 sa-

199 2232 280 2267 crum
291 2209 366 2276 fors,
385 2228 414 2268 et
426 2215 591 2288 religiosum
602 2217 662 2288 ejus
676 2217 786 2271 cultum
799 2233 856 2268 non
869 2214 1037 2287 inprobavit·
1083 2236 1086 2243 ·

123 2328 134 2355 ⁴*
163 2318 209 2404 *o
226 2331 412 2389 certano.
426 2341 475 2400 so,
494 2337 587 2397 1-14
621 2338 719 2403 uns,
735 2342 859 2396 ss-ss.
875 2338 907 2398 s,
924 2334 1016 2393 2-o
1041 2330 1124 2383 Luca

193 2429 229 2486 6,
257 2427 363 2479 1-11.
395 2426 453 2486 43,
473 2430 596 2482 10-17.
632 2427 791 2488 tot—5·
825 2423 1126 2482 Josnn.5,9-18.

195 2497 371 2587 tsat'sstt
389 2511 562 2571 9.‚·1l-16.
606 2512 727 2565 Homine
741 2518 837 2563 ustum
855 2503 1064 2573 (Matth012,
1088 2503 1124 2568 8.)

197 2589 244 2644 vel
261 2589 406 2646 bominem
431 2595 505 2659 (Mr.
525 2586 558 2659 ἲ)
577 2597 639 2664 27.)
664 2597 772 2650 sabbati
797 2596 944 2646 dominum
963 2588 1124 2650 'esso‘dicie

197 2679 273 2746 quod
291 2677 422 2731 nonnulli
442 2680 482 2734 ita
497 2681 673 2754 interpretati
691 2695 774 2744 sunt,
797 2683 868 2734 acsi
883 2681 960 2733 Jesus
975 2677 1048 2736 sibi,
1078 2672 1125 2726 vel

195 2761 309 2817 bomini
335 2752 439 2832 coldus
459 2767 503 2835 jus
524 2772 632 2822 sabbati
655 2768 804 2840 abrogandi
831 2767 972 2818 vindicare
993 2760 1134 2817 voluerit..

199 2847 255 2901 Sed
286 2864 346 2902 tum
371 2853 543 2926 sibimetipsi
572 2874 627 2907 non
655 2858 723 2907 bene
747 2866 893 2906 constaret.
915 2847 1020 2931 suam
1052 2845 1124 2899 alibi

180 2931 342 3001 ‚Ollattb
360 2940 392 2999 5,
410 2939 468 3002 17.)
488 2956 518 2992 se
534 2958 589 2992 nun
607 2957 640 2992 eo
661 2938 780 2992 consilio
798 2938 923 3001 venisses,
950 2936 1008 2996 sit,
1033 2947 1067 2987 ut
1081 2931 1123 2985 le·

196 3035 261 3091 gem
275 3034 324 3072 aut
339 3034 412 3075 vates
428 3025 587 3094 abrogaret,
602 3027 651 3077 sed
660 3040 691 3078 ut
707 3023 859 3096 perficeret.
895 3025 985 3090 Quare
999 3019 1054 3073 alia
1064 3036 1123 3073 ver·

195 3104 239 3157 bis
264 3104 323 3158 illis
339 3108 410 3163 insit
421 3112 560 3162 sententia
584 3127 695 3173 necesse
712 3124 760 3166 est.
812 3111 951 3176 Quaenam
970 3124 1035 3160 vero
1053 3104 1123 3158 haee

196 3191 267 3259 sit„
285 3195 392 3264 optime
415 3194 567 3268 'explicavit
583 3197 698 3250 Grotius
723 3191 777 3262 (Cf.
803 3193 890 3264 ejusdt
907 3194 1067 3246 Commeat.
1090 3192 1121 3242 in

194 3274 321 3355 Mllbth·
341 3286 368 3344 5,
386 3282 438 3346 17.)
455 3283 484 3335 in
500 3281 575 3337 bunc
592 3285 718 3335 modum:
753 3284 857 3341 Ritus,
876 3280 982 3345 inquit,
999 3277 1119 3346 inplevit

169 3377 222 3414 .et
245 3369 447 3423 consummavit
472 3371 624 3429 coriscum
661 3371 694 3423 id
717 3367 886 3445 exlp'bmdo,
926 3365 1009 3434 eujus
1032 3377 1119 3416 eausa

192 3448 268 3500 ritus
282 3468 364 3531 erant
379 3444 498 3525 reperti,
520 3458 646 3532 quodque
653 3457 713 3526 ipsi
721 3446 901 3525 signis-abant.
936 3449 1054 3502 Delcvit
1069 3467 1120 3499 au·

194 3547 247 3586 lem
264 3537 374 3595 eosdem
393 3560 425 3594 eo
441 3544 505 3608 ipso
517 3545 688 3610 implemento
695 3556 724 3593 et
738 3538 976 3596 consarcinatione,
992 3555 1048 3588 non
1064 3534 1120 3586 tol·

193 3618 277 3673 lenda
293 3623 367 3692 legis
384 3629 545 3691 vinculum,
564 3629 615 3695 sed
630 3646 758 3682 caussam
774 3621 979 3680 subtrahendo.
1002 3635 1136 3690 propter,

165 3762 167 3767 7
192 3723 274 3775 quam
298 3708 347 3762 lex
362 3730 395 3764 ea
418 3729 504 3776 nata,
536 3730 564 3770 et
587 3716 633 3769 cui
645 3715 773 3768 morienti
788 3729 825 3765 ex
845 3711 991 3778 primaevo
1008 3706 1120 3760 decreto

135 3804 138 3809 ·
189 3803 253 3841 erat
274 3800 479 3852 commoritura.
601 3796 603 3801 ¹
699 3787 702 3793 ¹

156 3904 218 3971 Μ)
238 3908 384 3982 CbEjusrl.
403 3900 595 3975 Institutiones
613 3919 746 3976 his-'toriae
762 3916 866 3973 Christ.
884 3915 957 3987 mejj.
972 3911 1119 3970 saeculum

187 3997 322 4080 primum.
358 4001 514 4091 Helmsted.
531 4013 609 4095 1⁷39!
629 4027 659 4082 p.
676 4014 737 4070 369.
