2544 4492
246 952 476 1045 Vruan
537 978 1007 1050 nnsen1nu1o
1080 966 1084 975 '

208 1164 298 1252 Ego,
317 1164 486 1232 Carolus
508 1165 766 1233 Christianus
787 1168 984 1233 Lebreelrt
1003 1167 1125 1233 Fran·

124 1266 171 1334 ke
194 1284 380 1335 natussum
406 1266 654 1355 Stenzigiae‚
687 1293 770 1356 pago
789 1274 822 1335 in
851 1270 1125 1337 Neomarehia

124 1370 210 1436 haud
225 1371 365 1455 procula
386 1370 653 1451 Francolurto
673 1372 720 1437 ad
744 1373 940 1453 Viadrum
961 1377 1039 1452 sito,
1066 1397 1124 1438 an·

121 1496 168 1539 no
177 1474 300 1538 saeculi
313 1476 429 1558 peracti
443 1478 650 1560 nonagesimo
663 1490 762 1553 sexto,
781 1476 873 1541 die
843 1481 993 1541 vacesimo
1006 1492 1124 1562 quarto

123 1575 461 1656 mensisNovembris,
493 1592 581 1662 patre
609 1578 800 1643 Joaune
832 1577 1123 1644 Christiano

123 1676 347 1758 Franke,
366 1695 441 1743 tunc
474 1659 723 1764 Stenzigiae‚
765 1703 850 1745 nune
891 1680 1122 1747 Tscherno-

123 1785 223 1847 wiae
244 1782 382 1846 Pastoris
398 1803 530 1845 munere
543 1781 707 1865 fungente,
734 1796 835 1847 matre
853 1781 1002 1847 Sabina
1023 1784 1123 1847 Bea-

90 1867 94 1882 ⁸
121 1901 162 1951 ta
183 1907 222 1951 ex
234 1888 329 1968 stirpe
349 1883 552 1948 Wildana.
595 1884 787 1949 Litterarum
801 1887 981 1977 primordiis
997 1910 1016 1951 a
1031 1903 1123 1970 patre

122 1991 245 2073 optimo
264 1987 421 2065 imbutus,
459 1985 751 2071 Goepperti‚
785 1987 911 2053 scholae
939 1989 1122 2055 Sonnen·

122 2091 334 2176 burgensis
360 2091 506 2168 rectoris,
526 2089 670 2173 publicae
684 2091 888 2175 privataeque
902 2092 1033 2156 traditus
1044 2116 1122 2157 sum

122 2193 315 2283 disciplinae.
363 2189 401 2253 ln
422 2213 488 2275 qua
509 2214 582 2255 cum
602 2190 726 2275 aliquot
743 2213 844 2256 annos
864 2196 1121 2279 permansissem,

122 2294 237 2362 deinde
257 2316 332 2360 vero
351 2316 371 2358 a
390 2308 480 2378 patre
498 2295 550 2379 pie
574 2295 707 2358 colendo
726 2294 768 2359 ad
778 2317 885 2361 sacrae
897 2317 1015 2363 coenae
1028 2319 1120 2362 esum

122 2396 337 2465 conformatus
359 2417 479 2491 essem,
512 2399 540 2461 is
558 2420 611 2462 me
640 2398 674 2460 in
699 2396 840 2463 scholam
863 2398 1002 2482 regiam,
1036 2422 1122 2483 quae

120 2499 432 2566 Zuellichaviae
469 2497 655 2563 felicissimis
693 2498 938 2564 Steinbartii
969 2503 1120 2587 auspiciis

119 2604 227 2681 floret,
253 2601 399 2667 mittendi
412 2600 493 2685 cepit
507 2600 689 2678 consilium,
717 2601 771 2664 ubi
784 2601 858 2664 inde
871 2603 911 2665 ab
926 2625 1012 2667 anno
1023 2603 1119 2687 hujus

120 2704 239 2793 saeculi
258 2704 383 2767 decimo
403 2701 444 2766 ad
465 2702 756 2767 duodevicesimum
778 2726 878 2786 usque
898 2720 1118 2788 praeceptores

118 2786 218 2874 habui
254 2806 294 2871 de
319 2819 400 2869 tota
412 2806 588 2869 studiorum
615 2827 762 2870 meorum
787 2808 909 2870 ratione
933 2806 1122 2875 adornanda

74 2947 79 2959 ·
118 2913 283 2995 animique
302 2907 409 2973 indole
429 2906 611 2973 formanda
617 2921 647 2973 et
672 2906 842 2971 excolenda
853 2907 1012 2990 praeclare
1024 2910 1118 2998 rneri-

23 3035 25 3039 '
117 3030 176 3080 tos.

202 3199 386 3295 Antequam
405 3220 479 3264 vero
499 3197 584 3261 hune
604 3219 752 3282 eampum
764 3196 893 3264 feliciter
903 3219 1069 3284 peragrare
1084 3214 1119 3268 et
1143 3195 1155 3209 “

25 3360 30 3367 .
118 3304 271 3369 uberioris
301 3302 483 3366 eruditionis
503 3315 713 3364 mercaturam
735 3295 924 3365 contendere
944 3304 1023 3367 mihi
1043 3304 1118 3369 lice·

116 3407 189 3484 bat,
216 3407 265 3469 bis
279 3405 318 3468 de
332 3403 441 3467 schola
456 3403 614 3465 discedere
631 3423 689 3485 pro
704 3417 884 3486 temporum
897 3403 1010 3486 injuria
1024 3428 1117 3470 coac·

118 3524 168 3573 tus
183 3530 264 3573 sum.
308 3507 453 3571 Primum
466 3507 551 3567 enim
561 3524 651 3566 anno
664 3501 865 3569 MCCCXlll
878 3520 1020 3583 exeunte,
1039 3530 1117 3572 cum

117 3611 186 3695 ipse
200 3610 310 3679 aetatis
323 3630 446 3672 annum
458 3627 583 3690 agerem
596 3604 756 3669 decimum
769 3608 955 3689 septimum,
970 3610 1119 3673 volunta-

116 3714 181 3789 ria,
215 3733 257 3776 ne
283 3713 401 3795 patriae
420 3723 528 3773 contra
547 3708 669 3772 hostem
689 3708 987 3790 perniciosissimum
1007 3708 1114 3773 delen-

116 3811 240 3878 dendae
253 3812 410 3889 deessem,
436 3812 470 3873 in
482 3812 616 3874 exercitu
635 3810 851 3874 Borussico
871 3809 930 3873 leci
944 3810 1114 3892 stipendia.

116 3915 242 3980 Deinde
261 3914 453 3991 Parisiis,
475 3913 546 3977 Deo
561 3912 604 3977 0.
619 3910 668 3975 Μ.
680 3911 818 3989 favente,
840 3915 1041 3995 expugnatis,
1059 3932 1122 3998 pa:

118 4038 234 4101 seque,
275 4019 339 4102 jam
366 4014 487 4079 dudum
514 4016 714 4081 veliementer
734 4015 908 4080 desiderata
926 4014 1115 4084 lelicissimis
