2544 4492
388 1123 636 1220 Gerus
698 1152 725 1216 t

57 1285 274 1376 Cunisrt
306 1324 357 1370 nr
389 1304 785 1373 Arosronouuu
817 1322 869 1372 nn
897 1322 1053 1376 uterus

352 1402 500 1472 rnsrts
536 1427 757 1485 suntctuu.

21 1659 24 1669 ·
59 1583 146 1722 Qi
165 1614 261 1679 libere
281 1611 320 1678 de
342 1610 489 1677 ecclesiae
502 1613 687 1678 christianae
699 1612 880 1696 primordiis
894 1608 1057 1679 commen·

10 4252 31 4415 l

58 1723 115 1784 tati
129 1731 201 1781 sunt
213 1716 271 1779 viri
284 1715 384 1791 docti,
409 1714 451 1777 ad
465 1736 563 1777 unum
576 1737 706 1791 omnes,
730 1729 886 1799 quantum
897 1715 981 1792 scio,
1002 1714 1055 1780 Je-

58 1843 132 1886 sum
150 1810 327 1895 Christum,
360 1831 395 1878 ut
411 1817 462 1880 bic
477 1815 527 1883 vel
543 1814 595 1880 ille
615 1817 681 1880 dies
699 1837 775 1902 prae
799 1815 867 1880 aliis
890 1817 1056 1883 traheretur

58 1934 203 1997 sanctus,
231 1941 296 1982 non
315 1919 525 2003 praecepisse,
551 1915 717 1984 affirmant.
765 1917 901 2001 Etpecte
914 1918 1056 2001 quidem.

57 2024 146 2090 Nem
162 2022 220 2086 etsi
237 2020 304 2097 ille,
336 2020 527 2103 utApostoli
549 2021 693 2097 tradunt,
719 2042 783 2084 una
801 2041 877 2085 cum
893 2019 1055 2104 discipulis
1155 2062 1158 2067 -

59 2145 166 2191 sacros
180 2122 375 2186 ludaeorum
388 2138 559 2187 conventus
570 2123 695 2205 saepius
705 2120 926 2204 frequentavit,
945 2135 1056 2187 temen

58 2228 122 2290 hoc
139 2246 178 2291 eo
195 2238 319 2287 tantum
335 2222 407 2288 fecit
423 2227 573 2305 consilio,
597 2239 633 2288 ut
645 2224 865 2310 popularium,
888 2223 929 2287 nb
943 2244 1056 2288 eorum

58 2327 288 2401 consuetudine
301 2349 366 2390 non
378 2327 544 2406 recedens,
559 2325 708 2411 effugeret
718 2323 942 2401 offensionem,
960 2324 1056 2390 babe-

58 2445 171 2514 retque
187 2450 264 2494 suae
282 2429 442 2492 doctrinae
454 2450 563 2493 coram
576 2429 700 2506 multis,
728 2420 786 2512 bui
797 2448 835 2493 ex
847 2427 996 2490 omnibus
1006 2448 1057 2490 ro·

56 2533 151 2597 mani
167 2532 290 2613 imperii
308 2532 474 2612 provinciis
498 2531 540 2594 ad
561 2530 716 2616 templum
741 2526 1056 2614 hierosolymitanum

58 2634 179 2719 pascha
198 2632 383 2694 celebraturi
397 2615 618 2708 convolarunt,
650 2630 855 2719 exponendae
875 2634 1057 2715 opportuni·

58 2750 169 2799 tatem.
219 2733 316 2817 Quod
332 2733 475 2817 inprimis
492 2754 529 2796 ex
547 2734 688 2818 ejusdem
706 2734 811 2812 dictis,
837 2734 951 2816 quibus
964 2757 1057 2801 suam

61 2860 137 2902 eum
153 2835 271 2920 legibus
283 2826 430 2900 mosaici&
448 2853 610 2919 comparat
621 2836 821 2922 religionem,
848 2831 1058 2903 demonstrari

59 2951 176 3024 potest.
221 2924 350 3001 Etenim
367 2934 434 3000 lore
453 2938 652 3022 praesagivit,
675 2952 710 3001 ut
723 2958 833 3001 omnes
847 2937 1058 3016 Judaeorum,

61 3032 147 3126 (puae
171 3039 213 3103 ad
235 3053 397 3103 externum
423 3037 485 3102 Dei
502 3040 621 3104 cultum
644 3052 786 3123 spectant
810 3041 1057 3119 constitutiones,

63 3142 283 3219 abolerentur,
306 3162 489 3225 numenque
500 3163 684 3226 supremum
697 3163 716 3206 a
729 3137 913 3206 Christianis
924 3147 990 3204 veri
1001 3161 1057 3207 no·

40 3245 158 3308 'minis
178 3251 209 3305 tv
233 3245 372 3320 meipsa
396 3253 444 3304 καὶ
462 3249 577 3320 ἀληθείᾳ
599 3243 753 3308 coleretur
769 3244 816 3327 ¹⁸¹).
878 3241 949 3307 Huc
972 3262 1058 3308 acce·

60 3347 125 3423 dit,
158 3343 245 3437 quod
263 3357 294 3408 et
309 3345 377 3428 ipse
394 3345 475 3429 leges
496 3346 535 3411 de
553 3347 674 3410 sabbati
691 3344 900 3410 celebratione
916 3342 995 3408 latas
1012 3345 1059 3407 in·

61 3447 189 3514 tendum
206 3448 355 3532 neglexit,
381 3460 412 3513 et
427 3468 502 3511 euos
521 3448 691 3534 discipulos
700 3447 820 3533 legibus
832 3445 915 3509 hisce
927 3465 992 3507 non
1005 3445 1059 3508 ad·

62 3552 187 3615 strictos
203 3569 271 3614 esse
288 3549 454 3632 judicavit,
477 3571 582 3634 neque
599 3564 706 3614 tamen
724 3548 852 3614 eosdem
870 3568 891 3612 tt
909 3545 1061 3612 festorum
1171 3560 1178 3569 ·

99 3792 129 3866 *)
146 3790 195 3849 cf.
213 3792 231 3849 J
237 3811 334 3861 oann.
350 3794 383 3860 4,
400 3799 433 3854 21
445 3797 531 3853 -28.
543 3789 671 3868 Ἔρχεται
685 3786 745 3865 ὥρα
752 3832 761 3860 ,
779 3787 825 3846 ὅτε
840 3786 901 3846 οὔτε
911 3789 943 3844 lv
956 3764 994 3858 zoi
1005 3785 1064 3862 ὄρει

71 3919 73 3922 -
131 3875 231 3948 τούτω,
252 3876 314 3936 οὔτε
330 3879 360 3936 ἐν
372 3873 578 3954 Ἱεροσολύμοις
592 3870 791 3951 προςκυνήσετε
806 3877 844 3943 τῷ
861 3880 992 3951 πατρί·-
1004 3871 1060 3928 ἀλλ’

124 3966 239 4039 ’ἔρχεται
254 3962 330 4040 ὥρα,
369 3968 417 4020 seul
438 3968 490 4020 νῦν
506 3965 583 4030 tm,
618 3959 663 4017 ὅτε
685 3957 712 4016 dt
728 3959 857 4029 ἀληθινόι
880 3959 1065 4035 προςκυνηταὶ

86 4056 91 4063 “
133 4045 356 4126 προςκυνὴαουσι
371 4053 410 4122 τῷ
425 4051 511 4126 πατρὶ
526 4048 558 4106 ἐν
569 4044 711 4121 πνεύματι
728 4051 776 4103 καὶ
793 4047 917 4116 ἀληθείᾳ.

807 4131 838 4196 Α
