2536 4492
603 128 617 161 ἃ

571 287 697 305 ........
704 254 754 328 46

232 413 365 501 'abipso
384 430 489 476 rerum
514 408 752 473 christianarum
767 412 941 494 primordio
954 413 1139 505 saepissime
1152 433 1227 477 oon·

231 513 426 599 jungebatur.
483 513 560 576 Hoc
581 513 667 578 enim
687 526 810 576 constat
828 514 1042 594 exalioloco,
1073 517 1128 598 qui
1139 514 1226 599 apud

150 686 162 703 ,¹
231 618 405 686 Lucam
439 620 558 704 legitur.
624 603 900 700 Conveniebbnt,
939 627 1060 708 inquit,
1085 616 1226 708 fratrer

122 779 123 782 ,
231 717 529 805 hierosolymitani
568 725 707 810 passim
735 725 772 789 in
805 726 955 791 diversis
982 724 1143 791 domibus
1177 724 1226 788 od

221 820 466 923 frangendum
482 845 627 909 ponem,
660 843 696 889 et
712 826 827 891 cibum
843 827 1030 916 capiebant
1047 848 1126 890 cum
1138 847 1226 915 gau·

223 925 292 988 *dio
320 940 356 987 et
378 917 604 1012 simplicitate
627 929 742 994 cordis
764 932 806 1014 ¹⁸¹.)
862 928 1062 994 Claudebant
1086 927 1225 1011 denique

231 1016 484 1085 Christianorum
497 1037 669 1086 conventus
690 1043 841 1106 preces,
868 1043 964 1106 quas,
986 1019 1224 1131 quiconventui

177 1118 185 1134 '
232 1135 395 1205 praeerat,
415 1124 581 1202 recitabat,
602 1139 749 1228 totusque
764 1122 945 1211 imitabatur
962 1136 1078 1185 coetus.

317 1258 410 1344 Quae
426 1258 621 1325 Pliniusl.
635 1261 655 1330 l
668 1261 730 1344 (Cf.
744 1285 775 1346 p.
767 1261 850 1355 26.)
868 1259 907 1325 de
920 1225 1122 1326 conventibus
1136 1255 1223 1322 Chri·

176 1346 182 1392 3
231 1363 422 1438 stianorum,
448 1383 529 1445 quoa
549 1377 630 1426 stato
649 1363 700 1429 die
718 1362 868 1447 agebant,
894 1374 1017 1438 narrat,
1044 1361 1102 1427 etsi
1118 1358 1223 1425 minus

202 1456 204 1463 ’
231 1476 374 1529 accurate
386 1461 468 1526 dicta
479 1462 633 1545 videntur,
655 1463 740 1526 idem
753 1461 816 1527 fere
830 1462 869 1528 de
883 1462 967 1526 cultu
979 1461 1097 1551 divino,
1113 1461 1224 1553 diebus

230 1561 315 1632 festis
332 1565 473 1628 instituto
493 1563 647 1629 exhibent.
697 1563 778 1628 Prae
791 1578 894 1643 metu,
923 1565 968 1627 uti
976 1577 1074 1646 puto,
1103 1563 1224 1628 Roma·

206 1716 211 1733 r
230 1688 347 1732 norum
360 1652 526 1729 convenire
542 1665 595 1728 itto
609 1681 752 1750 tempore
768 1680 841 1730 ante
855 1647 958 1729 iucem
969 1665 1052 1734 soliti
1066 1678 1172 1742 erant,
1194 1677 1225 1729 et

232 1767 361 1853 'quidem
375 1766 435 1830 hoc
449 1767 551 1851 priori
558 1769 591 1830 in
604 1782 761 1831 conventu
772 1767 812 1831 ad
826 1788 1004 1830 sermonem
1018 1766 1224 1843 audiendum,

160 1946 162 1953 Ι
231 1889 417 1935 communes
435 1890 541 1953 preces
561 1868 736 1933 fundendas
759 1883 790 1933 et
819 1889 946 1932 carmen
966 1864 1089 1932 Christo
1117 1869 1223 1932 dicen·

231 1970 325 2054 dum3
363 1991 463 2053 quum
487 1985 594 2034 autem
619 1978 761 2048 rursur'n,
796 1968 926 2034 for'sitan
946 1972 1122 2053 vespertino
1146 1984 1224 2032 tem·

229 2094 325 2160 pore,
352 2072 386 2135 in
406 2094 506 2151 unum
530 2074 705 2156 congregati
719 2086 857 2149 essent,
863 2093 985 2151 sacram
998 2091 1130 2134 coenam
1144 2069 1223 2134 cele·

229 2176 382 2252 brabant,
403 2195 477 2237 curn
490 2175 607 2238 amoris
620 2173 713 2259 epulo
727 2174 936 2277 conjunctam.
980 2170 1045 2236 Cur
1058 2175 1144 2238 enim
1155 2193 1222 2235 non

229 2292 302 2344 ante
317 2275 420 2340 lucem
435 2275 550 2361 epulati
562 2277 646 2353 sint,
640 2297 721 2359 ,ρει
733 2273 766 2340 se
779 2274 888 2358 liquet

315 2413 464 2511 Justini
493 2411 681 2528 Martyris
707 2433 786 2478 aevo
802 2406 974 2483 Christiani
992 2380 1157 2477 arabicis
1177 2420 1222 2476 re·

230 2530 377 2600 ceperant
395 2514 562 2589 ιιιόιιιιί,Ι
559 2514 596 2575 in
616 2515 711 2577 sacris
731 2515 794 2576 suis
814 2513 1017 2591 conventibus
1035 2512 1142 2575 iocum
1166 2512 1223 2577 ali·

229 2641 327 2702 quem
341 2619 481 2682 evernis
495 2617 670 2678 testamenti
684 2615 768 2677 libris
781 2612 942 2691 recitandi,
962 2631 1016 2676 aut
1027 2635 1045 2679 e
1057 2630 1233 2680 commem·

227 2723 313 2798 tariis
327 2716 564 2802 Apostolorum,
584 2718 697 2800 quibus
717 2717 801 2798 apud
818 2716 1224 2800 illum‚scriptorem-narra·'

209 2814 328 2886 'tiones
342 2819 380 2883 de
388 2817 472 2897 ‚Jesu
483 2818 547 2881 vita
562 2833 593 2881 et
606 2819 682 2881 actis
693 2817 905 2902 intelligendas
919 2840 985 2882 erse
998 2832 1127 2881 constat.
1156 2817 1220 2884 Re·

132 2917 137 2936 ¹
219 2910 316 3008 iique
338 2920 463 2998 omnia,
492 2910 614 2985 mutato
632 2928 740 2985 tamen
759 2919 917 3004 paulisper
935 2920 1061 2999 ordine,
1083 2938 1159 2985 cnm
1179 2921 1221 2984 iis

179 3111 433 3131 -η-ι-ι-σ

165 3242 171 3289 ;
236 3234 290 3305 A)
308 3230 353 3289 Cf.
375 3235 467 3287 Acer.
491 3222 611 3298 bipart.
633 3232 666 3290 2,
692 3229 792 3286 46...,
811 3227 929 3287 κλῶντές
949 3243 978 3281 ιε
996 3219 1218 3299 aoez‘oiaovt’ip-

294 3308 593 3385 ror‘'„utrti.ripcpnuov
617 3313 721 3384 τροφῆς
744 3311 775 3377 ἐν
805 3306 967 3382 ἀγαλλιάσει
994 3314 1042 3365 aab
1067 3307 1239 3383 ἀφελότητι,

294 3403 418 3476 καρδίας.
455 3396 498 3457 Cb.
517 3415 627 3467 quoque
644 3400 717 3455 Act·
731 3405 781 3461 20,
800 3405 859 3460 11,Ι
877 3399 897 3451 l·
916 3398 990 3452 Gor·
1010 3406 1058 3463 11,
1075 3406 1118 3458 20.
1137 3416 1217 3468 teqq.

294 3490 378 3546 Haud
401 3504 445 3541 me
462 3481 683 3559 quidem-fugit,
712 3485 786 3538 virne
801 3484 896 3537 doctor
913 3485 986 3538 inter
1002 3499 1031 3538 re
1045 3486 1220 3538 contendere

292 3577 328 3630 te
362 3592 410 3637 eo,
453 3590 521 3627 num
554 3570 655 3627 coenae
681 3584 851 3625 tacraetesus
873 3567 947 3622 illud
971 3572 1074 3625 amorio
1096 3569 1217 3644 epulum

293 3661 490 3734 praecesserit,
517 3673 560 3709 *an
587 3656 661 3709 illud
687 3671 797 3711 secutur
829 3657 873 3712 rit.
898 3668 901 3673 ·
930 3657 1053 3709 Primum
1067 3655 1139 3720 loci,
1165 3659 1218 3725 qui

294 3747 368 3818 apud
380 3746 483 3799 Lucam
501 3756 626 3806 exerant,
650 3746 767 3817 probare
783 3743 928 3805 videntur,
956 3742 1006 3796 red
1024 3739 1135 3796 valebat
1151 3745 1218 3796 aine

292 3833 380 3885 dubio
409 3832 450 3884 uti
471 3830 502 3883 in
524 3829 706 3883 multisaliis
725 3830 825 3895 rebus,
855 3828 945 3881 tio-in
964 3825 1017 3880 hro
1036 3844 1148 3897 quoque
1167 3844 1218 3899 per

279 3920 413 3972 'divertar
426 3913 554 3971 encletice
569 3914 695 3986 <liveram
708 3931 784 3968 urna.
819 3910 863 3967 Cf.
880 3913 904 3968 J.
924 3914 962 3968 M·
975 3911 1217 3989 rbohroeckh:

293 4004 400 4060 Chritt.
418 3997 516 4060 Kirch.
536 3995 602 4055 Ger.
613 4002 642 4055 Ρ.
657 4000 701 4055 tlt.
716 4020 746 4074 p.
761 3998 827 4061 8390
