2536 4492
739 168 743 179 ι

529 300 612 325 oseem)
662 270 713 349 ω
764 298 845 327 nnnnnnnn

582 376 586 391 Ι

223 487 226 493 ,
274 430 386 517 Quum
408 443 516 496 autem
537 430 727 511 domesticus
738 444 922 516 praeceptor
942 430 1070 499 Halae
1099 416 1189 501 iom-

113 584 116 591 .
187 533 479 601 moraresetsimul
494 532 681 598 lectionibus
695 533 883 598 academicis
895 535 1097 612 interessem,
1123 536 1189 623 pri·

184 660 245 705 mo
264 637 402 703 examini
421 634 597 719 theologiae
615 635 857 701 candidatorum
870 636 954 720 apud
969 638 1127 720 praesules
1139 660 1188 703 re·

186 762 262 807 rum
284 739 318 802 in
336 737 397 804 hac
420 736 582 822 provincia
610 737 888 817 ecclesiasticarum
923 738 1188 824 Magdeburgi

187 862 242 908 me
255 840 405 916 submisi,
430 839 580 904 vicesimo
592 841 696 923 primo
708 841 799 925 hujus
811 839 926 905 saeculi
939 862 1035 905 anno.
1085 841 1183 907 Anno

187 943 333 1031 sequenti
354 940 388 1004 in
409 938 464 1005 ille
481 940 559 1004 urbe
576 945 789 1027 praeceptoris
800 964 933 1014 munere
948 943 1033 1026 apud
1045 943 1187 1008 scholam

186 1046 350 1135 publicam
371 1043 522 1129 iungens,
549 1044 724 1106 secundum
744 1048 878 1110 exartlen
899 1045 1108 1130 theologicum
1121 1044 1188 1109 seli·

183 1152 265 1216 citer
282 1146 437 1230 superavi.
488 1142 650 1210 Omnibus
668 1148 778 1230 igitur,
806 1167 889 1230 quae
901 1146 986 1210 verbi
1001 1148 1098 1209 divini
1112 1168 1188 1211 con·

181 1249 357 1318 atsnstorts
371 1266 505 1324 munus,
531 1265 596 1330 quo
611 1246 688 1310 olim
704 1268 816 1313 vacare
830 1270 955 1332 semper
967 1250 1001 1312 in
1015 1251 1095 1313 votis
1105 1264 1185 1330 erat,

187 1363 372 1436 suscepturo
392 1348 460 1434 lege
477 1351 667 1433 praescripta
687 1364 778 1426 sunt,
814 1351 872 1415 rite
889 1353 1040 1434 peractis,
1078 1352 1187 1417 divina

187 1458 288 1544 gratia
297 1452 402 1537 'atque
415 1451 613 1535 providentia
625 1449 742 1538 iactum
756 1464 819 1528 est,
847 1465 881 1515 ut
892 1473 987 1517 ,anno
1006 1454 1099 1538 hujus
1117 1475 1187 1519 sae·

186 1559 251 1625 culi
269 1557 421 1621 uicesimo
434 1553 524 1617 tertio
537 1567 669 1618 exeunte
684 1553 852 1618 adsedem
877 1552 1024 1619 Beatae
1052 1554 1164 1641 virgi
1175 1591 1189 1604 ·

187 1663 250 1729 nis
275 1648 430 1730 Mariae
450 1655 661 1746 llalensem
682 1657 859 1720 instituerer
874 1653 1048 1721 Diaconus.

271 1813 348 1878 Jam
361 1832 435 1877 vero
447 1811 564 1877 cumin
578 1812 688 1875 animo
703 1823 765 1888 est,
782 1810 863 1875 vires
874 1832 980 1889 meas,
1000 1812 1188 1897 quantulae·

91 1928 97 1945 '
187 1937 314 2003 cunque
331 1929 419 1992 sunt,
446 1912 621 1998 theologiae
638 1911 784 1977 studiosis
804 1912 838 1975 in
858 1912 917 1977 hac
929 1913 1101 1981 litterarum
1115 1917 1187 1981 uni·

185 2020 331 2086 tensitate
345 2016 450 2094 omni,
478 2012 542 2101 qua
554 2037 612 2101 par
623 2028 695 2092 est,
709 2015 862 2079 industria
874 2037 1006 2095 navare,
1032 2019 1187 2103 ipsosque

187 2144 241 2191 eas
252 2118 427 2202 theologiae
439 2131 561 2202 putes,
574 2138 653 2201 quas
666 2117 817 2201 practices
832 2114 949 2194 dicunt,
964 2119 1186 2199 doceremus

186 2224 229 2290 de
246 2220 328 2288 diei
353 2218 545 2284 dominici
563 2219 666 2304 apud
682 2217 1105 2287 veteresChristianos
1120 2245 1185 2287 ce·

187 2321 373 2390 lebrati
387 2341 407 2383 o
421 2342 473 2386 ne
497 2323 817 2399 commentationem,
852 2343 916 2408 qua
931 2323 1184 2407 theologicarum

185 2426 368 2493 scholarum
379 2422 597 2487 habendarum
611 2425 775 2488 nanciscar
785 2422 983 2501 facultatem,
1001 2427 1185 2509 conscripsi,

185 2546 317 2613 sperans
329 2522 396 2589 lore
404 2570 414 2602 ,
441 2538 476 2588 ut
486 2523 575 2590 Deus
589 2523 633 2590 O.
645 2524 693 2592 M.
710 2547 767 2609 pro
782 2548 909 2591 summo
922 2548 980 2617 suo
994 2549 1066 2610 erga
1079 2526 1183 2590 homi·

185 2650 242 2717 nes
262 2647 371 2691 amore
391 2639 423 2690 et
442 2622 608 2693 clementia
625 2627 671 2693 rei
691 2648 751 2712 ope
771 2627 868 2713 ipsius
881 2643 1043 2712 susceptae
1053 2650 1184 2715 prospe·

184 2728 531 2801 rosdonetsuccessus.
767 2724 771 2733 '
