2536 4492
459 899 704 997 Canos
764 923 807 990 n

137 1086 191 1152 Dr
212 1081 469 1162 atarn'rare,
511 1100 593 1158 Qua
621 1097 663 1144 1n
689 1097 816 1144 nuans
847 1078 984 1144 saenis
1007 1093 1129 1143 raas·

138 1204 288 1252 stitutus
318 1201 562 1249 POLLEBANT
590 1198 773 1245 VETERES
807 1176 1131 1263 Ctttttsrtattt,
1227 1234 1231 1241 .

229 1303 503 1351 nosrsntonts
532 1301 744 1349 sunnonis
771 1290 1040 1379 rasrtuonts.

225 1439 465 1504 Firmissimum·
486 1437 655 1516 libertatis,
693 1457 776 1523 quae
795 1437 828 1501 in
849 1457 954 1502 rerum
973 1456 1133 1504 sacrarum

140 1544 360 1610 aestimatione
374 1542 527 1618 cernitur,
547 1540 764 1605 testimonium
782 1537 965 1604 Socrates
984 1541 1135 1623 perhibet.¹

141 1645 356 1728 Nam-ortam
374 1643 456 1708 inter
470 1639 664 1707 Christianos
686 1641 913 1706 dissensionem
934 1642 974 1709 de
993 1642 1061 1707 festi
1075 1638 1136 1707 Pa·

128 1744 259 1811 'schatis
293 1745 502 1810 celebratione
535 1744 736 1828 aliorumque
769 1747 887 1807 rituum
920 1745 1138 1811 observatione

145 1868 419 1925 commemorans,
441 1865 621 1930 „nusquam
629 1844 657 1925 ,”
683 1848 786 1930 inquit
797 1848 849 1928 *),
874 1867 954 1924 „nec
968 1844 1138 1930 Apostolus

144 1971 206 2015 nec
230 1948 402 2033 Evangelia
427 1947 582 2012 servitutis
603 1949 712 2032 jugum
733 1948 793 2011 illis
813 1951 1049 2034 imposuemnt,
1083 1951 1141 2033 qui
1239 1954 1241 1958 ’

146 2051 189 2116 ad
207 2049 475 2135 praedicationem
495 2048 649 2132 evangelii
668 2050 858 2114 accedebant
865 2075 874 2136 ;
900 2050 956 2114 sed
979 2048 1140 2114 Paschatis

147 2152 261 2219 testum
279 2151 422 2233 aliosque
442 2149 537 2212 iestos
561 2140 627 2212 dies
640 2151 768 2215 arbitrio
791 2153 1005 2235 aequitatique
1015 2171 1141 2230 eorum,
1193 2171 1197 2176 ·

149 2256 206 2340 qui
224 2253 378 2320 beneficia
396 2250 459 2314 illis
479 2249 589 2315 diebus
609 2267 809 2335 acceperant,
842 2253 992 2317 colendos
1009 2253 1142 2337 relique·
1231 2232 1235 2248 ¹

148 2371 232 2422 runt.
283 2351 422 2420 Proinde
455 2350 610 2435 quoniam
644 2351 789 2418 homines
820 2352 914 2418 festos
943 2353 1008 2420 dies
1026 2370 1145 2436 amant,
1232 2423 1234 2428 ,

149 2470 336 2545 propterea,
371 2449 460 2536 quod
488 2451 636 2517 laborum
662 2455 882 2550 remissionem
903 2457 978 2539 ipsis
998 2455 1146 2537 afferunt,

151 2558 285 2643 singuli,
321 2555 387 2617 suis
412 2553 547 2637 quisque
565 2552 657 2631 locis,
688 2555 831 2621 salutaris
849 2559 1004 2642 passionis
1025 2580 1147 2623 memo·

152 2663 253 2736 riam,
288 2656 379 2721 sicuti
399 2652 583 2732 voluerunt,
605 2677 643 2720 ex
663 2658 890 2722 consuetudine
913 2660 1053 2743 quadam
1071 2661 1149 2727 cele'·
1196 2683 1198 2689 ’

152 2761 294 2826 bramnt.
348 2753 514 2839 Neque
546 2759 668 2821 enim
702 2757 890 2824 Servator
917 2759 991 2824 hoc
1018 2783 1149 2848 neque

154 2857 345 2946 Apostoli
372 2857 666 2922 observandum
693 2862 934 2939 nobisesse‚
971 2861 1056 2948 lege
1077 2864 1150 2929 ali·
1235 2942 1239 2947 ,

157 2986 234 3050 qua
261 2959 517 3051 mandarunt3
551 2981 656 3044 neque
675 2985 813 3046 poenam
825 2979 880 3028 aut
892 2964 1151 3047 suppliciumaut

155 3063 419 3149 imprecationem
447 3059 620 3145 Evangelia
645 3064 696 3128 vel
715 3064 877 3149 Apostoli,
911 3068 1002 3130 sicuti
1017 3065 1151 3132 Judaeis

157 3167 208 3233 lex
219 3163 338 3240 Mosis,
356 3161 450 3227 nobis
460 3175 535 3227 sunt
549 3167 746 3229 comminati.
788 3167 910 3232 Vemm
924 3169 1071 3231 historico
1083 3183 1153 3232 tan·

159 3283 227 3333 tum
244 3265 363 3341 modo,
391 3264 433 3327 ad
453 3263 660 3347 opprobrium
675 3264 894 3345 Judaeorum,
918 3270 1007 3354 quod
1024 3271 1154 3351 homici-

160 3371 251 3434 dium
262 3366 373 3430 diebus
386 3364 470 3429 lestis
481 3365 689 3440 exercuerint,
709 3365 743 3427 in
756 3363 936 3454 Ev'alrgeliis
949 3375 1084 3436 relatum
1097 3389 1154 3452 est,

161 3471 368 3538 Servatorem
385 3485 515 3550 passum
537 3485 605 3530 csse
624 3464 734 3530 diebus
750 3490 946 3555 azymorum.
996 3471 1155 3559 Quippe

162 3572 414 3659 propositum
434 3565 473 3630 id
496 3581 580 3631 erat
600 3565 823 3650 Apostolis,
853 3594 930 3637 non
948 3588 989 3638 ut
1010 3576 1056 3639 de
1074 3577 1154 3641 die-

158 3675 240 3747 bus
259 3671 371 3737 iestis
391 3667 497 3751 leges
516 3665 683 3745 ferrent,
714 3670 781 3735 sed
801 3686 841 3736 ut
860 3690 1008 3742 rectam
1035 3679 1156 3744 vitam

163 3840 378 3858 κ

200 3910 295 4018 *sti
321 3942 486 4000 Socratis
510 3888 762 4008 Hmffftpcles·
787 3946 839 4007 lib·
862 3950 898 4013 V.
918 3970 941 4006 c.
957 3957 1067 4033 ¹med
1085 3956 1159 4014 Mo·

236 4046 335 4105 gont
353 4029 513 4106 past-tt.
622 4037 641 4049 ''
1122 4080 1128 4090 ι
