2536 4492
490 283 569 298 ········
625 251 688 352 ts.

110 394 113 399 ⁵
148 424 186 475 et
212 410 399 491 pietatem
419 402 662 484 inducerent.
712 406 849 470 Aemilii
872 405 1145 490 quidemridetur‚

149 508 421 594 quemadmodum
443 505 504 568 alia
522 507 620 569 nmlta
638 508 766 592 singulis
784 507 860 569 locis
873 531 931 570 usu
946 509 1086 591 quodam
1099 510 1145 570 in·

146 611 322 685 valuerunt,
340 609 379 671 ad
395 629 467 671 euru
481 630 610 692 quoque
624 609 757 670 modum
766 608 917 672 Paschale
928 610 1041 673 festum
1058 610 1144 692 apud

146 702 285 796 singulos
304 734 341 774 ex
355 712 492 793 quadarn
508 712 731 773 consuetudine
751 711 939 794 peculiarem
954 711 1143 774 observatio·

145 827 220 899 uem
241 815 401 897 habuisse5
427 827 592 894 propterea
613 813 715 893 nullus
734 813 977 896 Apostolorum,
1006 814 1051 875 uti
1069 811 1143 888 dixi,

145 915 323 1000 quidquam
345 914 384 978 d‘e
397 913 450 975 illo
470 913 537 996 lege
556 901 699 977 sancivit.
739 913 845 996 vQuod
862 937 936 977 vero
957 939 994 979 ex
1008 926 1142 979 consue·

142 1016 251 1081 tudine
266 1018 382 1098 magis,
407 1000 508 1099 'quam
518 1037 559 1104 ex
570 1015 636 1098 lege
649 1017 756 1099 aliqua
770 1016 844 1078 inde
857 1017 896 1078 ab
909 1021 1040 1100 antiquo
1053 1015 1142 1100 apud

142 1113 281 1204 singulos
295 1119 452 1180 observari
469 1120 620 1199 coeperit,
639 1140 688 1180 res
703 1121 771 1201 ipsa
786 1117 952 1180 declarat.‘’
1007 1123 1010 1128 '

226 1219 290 1282 Alii
321 1235 423 1303 patres
456 1219 639 1300 rgligiouem
673 1219 871 1282 christianam
901 1219 952 1282 vel
980 1220 1020 1282 ob
1046 1219 1141 1296 hanc,

141 1343 239 1409 quarn
253 1326 284 1384 in
300 1322 382 1385 lestis
395 1319 586 1384 celebrandis
600 1320 734 1406 admittit
749 1323 941 1400 libertatem,
958 1336 988 1385 et
998 1319 1138 1385 Judaeo·

138 1449 211 1493 rum
230 1442 261 1490 et
279 1427 475 1490 ethnicorum
494 1425 592 1487 cultui
611 1423 866 1506 praeferendam,
892 1446 997 1508 neque
1012 1444 1139 1488 necesse

118 1534 122 1542 '
135 1524 206 1595 'esse
225 1518 418 1609 patrarunt,
447 1540 481 1588 ut
494 1527 568 1589 certi
581 1525 647 1589 dies
659 1525 744 1602 festi,
770 1527 968 1590 infirmorum
983 1547 1078 1590 causa
1089 1526 1137 1588 in·

109 1631 252 1706 [sutum
288 1629 472 1711 superiectis
493 1641 666 1709 agerentur,
724 1627 852 1691 Etenim
870 1628 954 1692 diem
975 1650 1138 1714 quemque

136 1731 209 1797 Deo
229 1731 479 1794 consecrandum
500 1750 567 1791 esse
585 1729 728 1793 arbitrati
740 1745 829 1794 sunt.
885 1727 946 1794 Cui
964 1732 1143 1795 sententiae

135 1835 280 1917 inprimis
294 1832 400 1896 favent
423 1829 605 1895 Clemens
628 1831 920 1916 Alexandrinus
943 1847 974 1896 et
997 1831 1135 1914 Orige-

134 1955 218 2011 nes,
254 1957 390 2017 quorum
410 1935 535 2008 omnia,
569 1954 654 2015 quae
673 1933 908 2017 hucspectant‚
937 1931 1135 1998 dietaallere

134 2036 266 2120 longum
290 2051 346 2098 est.
405 2035 515 2116 Quare
534 2035 752 2117 gravissimum
772 2058 809 2099 ex
830 2052 964 2120 utroque
983 2037 1135 2120 scriptore

124 2139 320 2225 protulisse,
342 2136 482 2200 sufficiet.

151 2283 155 2291 ι
219 2236 449 2318 Clemensq
479 2252 602 2314 autem,
634 2237 833 2319 „jubemur'',
866 2239 924 2314 ait,
956 2237 1080 2314 „colere
1101 2253 1133 2303 et

116 2341 290 2407 ‘honorare
307 2340 461 2415 eundem,
491 2361 589 2424 quem
610 2353 641 2403 et
653 2339 783 2401 verbum
802 2360 869 2404 esse
887 2356 917 2403 et
930 2340 1133 2410 Servatorent

131 2458 230 2527 atque
247 2442 361 2521 ducem
374 2441 528 2519 hebemus
540 2464 744 2524 persuasum,
771 2457 802 2518 et
813 2464 869 2526 per
879 2445 985 2527 ipsum
998 2456 1132 2524 patrem,
1145 2489 1147 2494 -

111 2549 198 2608 'uon
220 2544 382 2608 selectis
405 2530 560 2620 diebus,
582 2543 810 2626 utaliquialii,
835 2545 901 2608 sed
923 2545 1132 2608 continen-

128 2660 190 2717 ter
216 2646 290 2713 hoc
317 2667 383 2736 per
411 2650 535 2709 tota'm
562 2645 683 2708 vitam
709 2659 741 2719 et
758 2665 949 2729 quocunque
969 2645 1067 2708 modo
1085 2643 1131 2709 sa·

130 2749 258 2813 cientes.
316 2743 413 2812 Unde
433 2749 541 2810 necin
562 2745 692 2818 delinito
711 2746 801 2823 loco,
832 2768 939 2831 neque
956 2749 990 2808 in
1010 2747 1130 2830 templo

56 2844 61 2851 ’
129 2849 266 2926 selecto,
286 2869 416 2931 neque
439 2847 643 2932 aliquibus
666 2845 778 2911 lestis
800 2864 836 2912 et
858 2849 996 2912 diebus
1017 2868 1130 2932 prae-

128 2951 302 3025 stitutis,
330 2949 385 3013 sed
404 2971 460 3032 per
475 2963 575 3012 totam
596 2952 710 3025 uitam,
744 2951 798 3032 qui
817 2964 863 3012 est
884 2947 1070 3027 Gnosium,
1094 2952 1129 3014 in

129 3054 220 3117 omui
239 3042 326 3125 loco,
354 3053 450 3115 etiarn
468 3051 495 3113 si
512 3049 590 3113 torte
609 3038 666 3132 pe‘r
683 3071 717 3114 se
734 3051 819 3113 solus
839 3053 896 3128 sit,
927 3053 1001 3114 etsi
1019 3073 1128 3114 secum

127 3155 272 3219 habuerit
286 3153 428 3236 aliquos,
450 3174 505 3235 qut
497 3152 652 3216 eandem
660 3151 755 3215 iidem
768 3153 905 3237 amplexi
916 3167 998 3229 sunt,
1019 3152 1128 3217 Deum

127 3256 222 3332 colit,
249 3256 389 3330 honest,
409 3252 531 3338 gistias
549 3255 611 3337 agit
630 3269 757 3349 propter
769 3270 871 3318 rectae
881 3257 964 3318 vrtae
976 3255 1127 3338 cognitio·

127 3380 214 3423 nem.
264 3355 321 3420 Sin
341 3368 459 3419 autem
467 3355 532 3440 jam
546 3353 679 3440 alicujus
691 3357 809 3419 boni
779 3360 838 3420 vrri
852 3356 1045 3439 praeseutia,
1070 3377 1128 3439 per

126 3462 177 3525 sui
203 3457 358 3543 pudorem
378 3470 410 3521 et
426 3459 652 3534 reverentiam,
691 3479 784 3535 eum,
819 3478 960 3541 quocum
975 3471 1126 3533 versatur,

126 3582 251 3644 semper
264 3562 298 3622 in
311 3559 424 3624 melius
436 3557 565 3638 format:
596 3559 759 3641 quomodo
773 3561 815 3636 is,
836 3559 892 3643 qrii
905 3578 962 3641 per
974 3560 1124 3642 cognitio·

126 3685 203 3728 nem
219 3677 249 3726 et
270 3663 368 3725 vitam
384 3674 416 3727 et
434 3663 604 3744 gratiarum
625 3661 783 3725 actionem
805 3681 933 3743 semper
950 3657 1022 3724 Deo
1034 3680 1123 3744 prae·

129 3820 336 3845 W

159 3899 255 3992 *ΝΕ
281 3902 390 3955 Clem
411 3868 581 3955 Alexand
604 3868 692 3975 &dp
716 3900 765 3976 ed.
788 3897 864 3958 soh.
883 3898 1076 3984 Postumi&
1089 3876 1122 3956 ll.

175 3983 405 4044 suomtvlt.
418 4004 443 4040 e
458 3991 528 4057 7012·
521 3986 600 4045 ..851
613 3989 658 4045 52.
