2536 4492
441 325 519 343 ........
565 292 618 367 gl

98 451 156 514 sub
175 453 322 535 auspiciis
342 455 525 536 impetrata,
551 470 650 532 quum
670 451 785 513 iterum
805 449 842 525 iu
853 446 1090 534 paedagogium

99 554 233 614 Zuclli
244 555 458 619 cbaviense
486 553 528 615 ad
548 573 674 615 cursum
687 551 907 616 scholasticum
918 554 976 616 rite
991 552 1091 623 absol·

98 656 238 719 vendum
259 679 310 721 me
325 657 543 732 contulissem,
575 653 656 718 llex
681 653 826 738 Noster
851 657 1092 729 t‘otentissi·

97 780 185 821 mus
216 781 269 823 me
290 782 438 843 quoque,
462 780 516 823 sex
528 778 653 820 menses
666 756 711 819 ibi
722 769 896 834 versatum,
923 755 1029 821 denuo
1043 776 1092 822 ar·

96 882 152 923 ma
163 863 196 923 in
209 861 312 927 hostes
323 864 402 927 ferre
414 862 512 945 jussit.
556 858 655 943 Quod
666 881 749 935 eum,
766 858 922 943 quantum
935 872 1091 942 poteram.

97 962 181 1027 laeto
202 969 311 1028 animo
330 965 490 1040 fecissem,
516 963 683 1046 salvusque
703 961 790 1026 bello·
803 961 892 1027 libito
909 964 942 1025 in
957 964 1094 1046 patriam
1120 1031 1141 1045 x

99 1066 263 1131 rediissem
278 1081 307 1133 et
319 1090 375 1153 per
389 1068 551 1132 biennium
567 1067 703 1149 primam
718 1062 842 1135 scholae
863 1064 1093 1137 Zuellicha-

99 1171 253 1233 viensis
281 1170 411 1235 classem
423 1168 685 1252 frequentassem‚
697 1169 897 1231 maturitatis
912 1171 1093 1235 testimonio

99 1288 171 1357 post
190 1294 322 1336 examen
341 1273 563 1339 scholasticum
576 1285 721 1353 accepto,
749 1268 963 1342 Halense'm
977 1286 1095 1363 ‘petere

100 1374 272 1439 litterarum
286 1376 518 1440 universitatem
532 1394 607 1456 prae
623 1372 730 1437 ceteris
742 1371 821 1435 mibi
833 1371 958 1456 placuit.
1035 1414 1039 1419 -
1081 1440 1085 1448 ,

184 1580 313 1646 Halae
340 1582 433 1665 igitur
449 1599 535 1644 anno
557 1578 648 1662 hujus
666 1578 783 1644 saeculi
802 1579 926 1647 decimo
943 1598 1054 1649 octavo
1072 1609 1094 1653 a

100 1685 284 1753 Grubero
317 1683 354 1746 V.
375 1681 441 1761 Ch,
470 1683 523 1745 illo
545 1696 687 1764 tempore
708 1681 890 1749 Prorectore
909 1684 1095 1771 Magnifica,

99 1792 181 1852 inter
194 1785 385 1849 Academiae
398 1786 497 1863 cives,
524 1800 554 1848 et
571 1807 593 1850 a
616 1784 873 1870 Niemeyero,
900 1785 1095 1865 Academiae

100 1890 295 1957 Cancellario
316 1886 503 1988 l‘efillustri‚
537 1888 707 1951 venerandi
725 1887 943 1972 theologorum
972 1891 1095 1977 collegii
1178 1962 1182 1973 ¹

99 1994 322 2068 tuncDecano,
335 1989 595 2073 intertbeologiae
606 1990 762 2055 studiosos
775 2005 1005 2077 receptussum.
1031 1994 1094 2061 Pe'r

102 2112 237 2182 quatuor
255 2110 285 2159 et
306 2094 392 2178 quod
411 2094 541 2158 excurrit
553 2114 654 2156 annos
670 2114 722 2156 me
735 2092 922 2159 docuerunt:
956 2096 1094 2179 philoso-
1150 2120 1154 2129 ·

100 2202 227 2284 pluam,
258 2194 461 2260 lllaassius
490 2194 531 2256 V.
551 2195 778 2272 beatissimus,'
799 2209 830 2261 et
851 2188 1095 2265 Gerlachiu's

100 2302 142 2366 V.
157 2298 220 2386 Cl.;
249 2298 411 2363 historiam
424 2297 632 2362 universalem
654 2296 883 2382 Voigtelius
912 2297 953 2361 V.
969 2296 1034 2386 Cl.;
1060 2300 1096 2365 iu

66 2394 70 2401 ’
101 2404 207 2468 litteris
234 2399 429 2485 philologieis
458 2399 553 2464 duces
581 2398 678 2462 habui
711 2397 931 2465 Seidlerum
965 2416 996 2465 et
1030 2399 1096 2466 Ja'·

101 2502 283 2572 cobsium
316 2500 384 2564 VV.
404 2496 480 2567 CCl.
488 2527 497 2587 3
528 2503 560 2565 in
582 2503 670 2563 omni
690 2500 864 2585 theologiae
885 2502 1095 2569 addiscendae

101 2607 222 2673 ambitu
250 2619 383 2668 sectatus
408 2626 479 2667 sum
505 2604 753 2688 Knappium,
788 2603 975 2669 Vaterum
1004 2604 1094 2669 V.V.

100 2709 316 2781 beatissimos,
357 2707 652 2791 Niemeyerunr,
703 2706 934 2783 Weberum‚
979 2706 1096 2795 Weg·

92 2811 375 2883 ‘scheiderunu
415 2806 648 2884 Gesenium,
677 2807 889 2873 Thilonem
915 2823 945 2872 et
972 2808 1095 2895 Wag'·
1142 2876 1148 2887 ,

101 2940 121 2978 n
132 2920 140 2977 i
150 2915 200 2977 tzi
209 2935 268 2974 um
294 2909 334 2974 V.
352 2908 391 2971 V.
404 2909 437 2973 S.
451 2909 492 2974 V.
506 2910 545 2971 V.
598 2911 766 2974 Seminarii
779 2914 854 2995 regii
868 2912 1033 2997 theologici
1047 2938 1096 2978 so·

102 3015 225 3077 cialibus
246 3036 264 3074 a
292 3012 478 3094 Knappio
504 3012 694 3097 adscriptus,
725 3012 817 3094 hujus
831 3028 936 3078 coetus
951 3019 1095 3083 exercita·

101 3116 240 3180 tionibus
254 3128 284 3177 et
302 3116 341 3177 ab
367 3115 420 3175 illo
443 3129 473 3177 et
492 3136 511 3177 a
536 3112 715 3178 Thilone
744 3113 784 3177 V.
800 3114 840 3178 V.
850 3118 1014 3199 institutis,
1040 3143 1096 3203 per

100 3234 162 3281 tres
182 3238 283 3279 annos
305 3229 334 3278 et
347 3237 400 3279 sex
414 3237 537 3280 menses
552 3216 686 3281 interlui.
722 3254 760 3264 -
816 3216 881 3300 Qui
895 3222 1025 3303 quidem
1039 3226 1098 3289 viri

101 3319 302 3399 illustrissimi
322 3338 512 3401 summaque
531 3321 630 3383 animi
654 3322 769 3402 pietate
782 3323 970 3400 venerandi,
999 3349 1098 3410 quan-

102 3435 170 3484 tum
186 3440 296 3482 omnes
311 3440 347 3485 ac
360 3420 472 3504 singuli
486 3422 525 3484 de
537 3436 602 3485 tota
616 3423 792 3485 studiorum
806 3446 951 3487 meorum
965 3430 1098 3507 ratione,

103 3523 300 3604 omninoque
314 3521 352 3584 de
367 3536 433 3584 tota
453 3524 516 3587 vita
537 3546 609 3587 mea
622 3525 804 3589 academica
818 3528 879 3589 sint
892 3530 1096 3608 meritissimi,

101 3625 159 3686 etsi
184 3640 265 3687 recte
285 3639 319 3685 ut
336 3624 513 3707 praedicem
531 3628 626 3689 verba
638 3648 710 3690 mea
724 3648 836 3709 parum
851 3627 990 3709 sullicere
1007 3632 1095 3697 iutel-

101 3724 180 3807 ligo‚
209 3748 374 3807 nunquam
389 3740 493 3790 tamen
509 3727 751 3804 beneficiorum,
778 3734 906 3813 quaein
923 3754 975 3799 me
989 3749 1095 3798 contu·

103 3826 222 3902 lerunt,
252 3831 464 3894 maximorum
487 3831 594 3894 animo
614 3833 788 3914 gratissimo
808 3856 873 3897 non
886 3837 1016 3904 servabo
1031 3858 1094 3903 me·

102 3949 247 3994 mortam.
