2536 4492
472 306 481 323 .
484 304 555 325 .......
602 274 654 349 31

130 428 272 505 mortem
288 422 430 524 ipsius,
451 429 618 522 quomodo
638 452 701 500 uos
728 424 903 519 poterimus
930 431 1035 502 rivere
1059 427 1129 502 sine
1164 526 1168 537 1
1209 411 1223 509 ³}

130 540 245 629 ipsoi>
649 548 655 558 ‘
753 558 757 563 ’

217 759 341 828 Scilicet
354 758 450 824 verba
463 762 535 820 κατὰ
551 781 687 840 stupeam
697 742 768 836 (dir
778 761 874 829 ζόνῐες
896 757 1012 824 dedici
1026 758 1127 823 domi·
1168 748 1171 753 Ι

130 866 196 929 uici
214 863 422 951 celebratione
440 860 624 946 explicanda
637 848 709 926 ¹esse
731 873 889 945 putarunt.
955 859 1019 927 Sed
1045 861 1127 925 hanc

131 970 261 1035 illorum
285 962 510 1048 interpretandi
535 967 690 1027 rationem
712 964 947 1047 unusquisque,
980 963 1127 1028 simodo

132 1072 359 1158 cogitationum
377 1065 551 1173 respexerit
573 1086 707 1144 nexum,
736 1068 841 1133 statim
860 1065 986 1149 rejiciet.
1040 1064 1128 1130 Nam
1182 1068 1184 1073 ’

127 1175 207 1240 inde
218 1195 238 1238 a
251 1173 352 1257 capite
372 1181 484 1232 octavo
512 1165 688 1250 ignatius
714 1192 734 1233 a
746 1169 829 1232 falsis
844 1167 1022 1232 doctoribus
1036 1166 1128 1263 Meg·⁴

108 1276 281 1355 ,aetianos
292 1273 488 1346 dehortatur,
523 1270 579 1353 qui
593 1270 651 1335 etti
663 1266 848 1346 Christiani,
877 1283 984 1333 temen
997 1270 1127 1333 κατὰνὸ·
1175 1323 1178 1328 .
1207 1334 1209 1339 ,

130 1399 190 1459 μον
203 1380 376 1450 'luridensi
404 1370 575 1435 vivendum
593 1392 662 1436 esse
681 1373 892 1458 praecipiant,
925 1372 1032 1456 itaque
1049 1371 1126 1457 ipsis

130 1490 306 1561 repugnent
320 1473 497 1560 prophetis,
521 1492 602 1556 quos
623 1477 693 1533 κατὰ
709 1478 939 1551 Χριςὸνίησοῦν
959 1475 1069 1538 vixisse
1083 1472 1127 1538 al·

128 1578 245 1645 firmat.
306 1574 432 1661 Quodsi
461 1587 588 1649 eutem,
627 1573 672 1637 sic
698 1572 771 1665 luco
790 1587 898 1638 nostro
919 1578 1034 1662 pergit,
1069 1575 1129 1660 qui
1204 1618 1209 1625 -
1246 1590 1249 1597 ’

130 1702 171 1747 ex
186 1679 318 1746 «ludaeis
336 1678 409 1744 facil
430 1689 504 1742 tunt
525 1671 694 1740 Christiani
716 1684 755 1754 (ol
771 1681 804 1736 ht
814 1683 944 1744 παλαιοῖς
962 1678 1128 1756 πράγμασιν
1167 1758 1176 1777 ι
1243 1752 1249 1765 Ι

129 1785 354 1861 ἄναςραφίνιες,
378 1789 417 1848 εἰς
433 1779 581 1852 καινότητα
599 1781 712 1846 ἐλπίδος
721 1779 837 1854 ἤλυθον)
857 1776 954 1838 vitam
974 1797 1065 1840 suam
1084 1775 1128 1840 all

131 1878 249 1946 Christi
273 1876 453 1964 exemplum
480 1888 607 1962 tegunt,
648 1880 733 1955 (κατὰ
755 1880 888 1957 monachu
907 1883 977 1953 ζωὴν
995 1885 1126 1957 conte)
1223 1862 1231 1881 ’

129 2005 191 2049 nec
204 1982 401 2047 ludaeorum
421 1999 510 2043 more
528 1978 664 2063 amplius
681 1975 847 2039 sabbatum
862 1975 987 2054 colunt,
1013 1983 1128 2056 (μηκέτι

131 2089 369 2162 σαββατίζοντες,)
396 2081 559 2167 quomodo
591 2100 666 2157 nos,
703 2079 758 2163 qui
785 2100 950 2162 nunquam
977 2077 1037 2163 legi
1058 2099 1126 2145 mo·

131 2188 235 2252 saicae
255 2184 382 2250 obsricti
402 2205 541 2261 eramus,
570 2182 637 2246 sine
655 2182 741 2264 ipso,
767 2180 997 2247 leuantem
1011 2183 1125 2266 poteri·
1163 2226 1170 2235 -

128 2311 221 2368 mus,
247 2301 282 2351 ut
301 2286 341 2351 ad
356 2280 471 2349 Christi
491 2301 520 2350 et
538 2283 718 2368 exemplum'
738 2295 767 2346 et
780 2296 946 2366 praecepta
959 2283 1056 2347 vitam
1068 2305 1125 2348 no·
1201 2350 1206 2363 ι
1241 2310 1263 2323 ·“

130 2402 230 2456 stram
243 2410 306 2451 non
319 2385 544 2454 moderemus?
592 2386 685 2470 Quae
698 2385 724 2448 si
737 2405 811 2449 vera
823 2399 868 2449 est
880 2382 1005 2448 illorum
1016 2385 1126 2451 verbo·

128 2514 205 2557 rum
217 2489 397 2574 explicatio,
407 2511 511 2574 neque
522 2491 572 2555 hic
585 2490 671 2580 locus
684 2488 722 2550 iis
735 2499 780 2551 est
796 2486 1070 2565 adnumerandus,
1089 2489 1126 2553 in

131 2592 247 2677 quihus
260 2590 322 2655 diei
334 2590 485 2656 dominici
496 2591 577 2658 iacta
590 2604 635 2658 est
648 2590 778 2655 mentio.
807 2648 809 2655 ,
826 2587 946 2653 Veram
958 2603 1064 2654 autem
1078 2611 1125 2655 es·

131 2714 166 2759 te
178 2714 267 2771 eam,
278 2693 325 2757 his
337 2695 463 2779 probari
476 2707 577 2779 potest
591 2692 791 2778 argumentis.
820 2687 913 2773 Quae
925 2691 1026 2779 capite
1040 2705 1125 2758 octa·

128 2816 172 2859 vo
188 2799 257 2857 κατὰ
270 2794 360 2875 νόμον
371 2800 554 2874 ’Ῑουδαϊσμοῦ
565 2803 612 2878 ζῇν
634 2793 795 2870 dicuntur,
817 2806 924 2857 nostro
943 2792 1014 2858 loco
1026 2794 1127 2859 verbo·

130 2905 301 2973 supportem
317 2915 462 2978 expressa
477 2909 560 2959 sunt.
608 2894 718 2979 Itaque
738 2894 800 2958 hoc
819 2892 951 2958 verbum
969 2894 1020 2959 vix
1037 2892 1125 2959 aliud

131 2996 306 3080 quidquam
321 2996 492 3080 significare
505 3009 617 3080 potest,
638 3018 734 3080 quam
747 2995 877 3059 sabbato
892 2996 973 3080 leges
986 2988 1126 3062 Judaeo·

128 3119 202 3161 mm
214 3099 272 3161 rite
284 3095 465 3175 observare,
493 3120 523 3160 v.
541 3119 568 3161 c.
579 3095 619 3161 ab
634 3097 722 3159 omni
734 3094 841 3162 labore
854 3100 1022 3181 quiescere.
1064 3098 1126 3165 Ac·
1220 3134 1237 3175 ῃ

130 3197 228 3277 cedit,
266 3199 353 3283 quod
374 3200 445 3264 licet
462 3199 621 3280 dubitare,
657 3199 735 3282 quin
761 3196 937 3282 lgnutius
964 3203 1129 3271 nsebbati
1218 3284 1221 3289 ,

130 3300 216 3366 cultu
236 3294 430 3367 Christianos
457 3301 588 3366 voluerit
604 3320 762 3365 revocare.
816 3295 966 3387 Namque
983 3305 1049 3389 jam
1064 3305 1125 3375 illo
1228 3326 1239 3347 ⁴

128 3415 271 3485 tempore
285 3403 365 3466 inter
377 3423 432 3466 eos
444 3400 554 3480 fuisse,
574 3401 751 3485 religiosam
764 3401 855 3487 hujus
867 3403 929 3470 diei
944 3406 1125 3477 celebratio·

128 3524 206 3569 nem
223 3502 317 3586 plane
333 3505 540 3590 negligentes,
563 3501 689 3587 probari
702 3504 826 3590 nequit3
853 3504 994 3590 plurimis
1006 3520 1126 3587 autem,
1165 3586 1169 3597 .
1198 3566 1202 3573 .

128 3624 172 3669 ne
192 3602 340 3667 omnihus
357 3604 479 3683 dicam,
506 3603 599 3668 huno
608 3604 694 3669 diem
713 3608 877 3671 etiamtum
892 3606 1035 3674 habitum
1055 3630 1125 3689 esee

128 3726 253 3771 tactum
265 3705 431 3789 permulta,
450 3722 484 3772 ut
495 3706 575 3771 inira
588 3706 881 3787 demonstrabimus,
895 3709 1009 3777 docent
1021 3702 1124 3795 exept-

123 3808 191 3895 pla.
222 3842 263 3858 -·
311 3806 416 3873 Simili
433 3813 553 3874 ratione
566 3809 624 3873 sibi
640 3808 830 3893 respondent
852 3817 921 3871 κατὰ
941 3820 1124 3896 Χριςὸνῖῐη-

127 3920 199 3973 σοῦν
212 3919 274 3991 ζῇν,
297 3910 399 3993 eapite
410 3924 539 3988 octavo,
566 3923 596 3974 el
618 3913 688 3971 κατὰ
704 3915 919 4001 κυριακὴνζωὴν
935 3921 996 3993 ζῇν,
1021 3916 1124 3997 capite

128 4031 229 4090 nono,
249 4024 280 4081 et
292 4025 459 4099 utramque
470 3998 686 4099 vocem'idem
694 4009 867 4099 significare
878 4011 928 4083 rel
940 4012 1014 4083 iude
1025 4036 1123 4101 eppo·
