2536 4492
482 311 540 328 ······
597 279 694 352 to·
695 310 774 326 ········
848 298 852 309 ,

56 410 73 482 ξ
120 426 313 523 dominicas
335 433 455 519 jejunia
482 448 589 499 autem
614 447 645 500 et
669 434 925 519 congregationes
949 435 1030 502 inter
1049 435 1118 502 dies

64 559 68 563 ’
119 557 247 641 propter
266 532 321 605 eos
341 559 361 603 a
380 537 453 600 viris
474 535 678 620 prudentibus
700 529 902 617 constitutas,
939 541 994 624 qui
1015 540 1119 624 magis

118 643 244 714 saeculo
259 656 381 717 vacant,
402 661 500 724 quam
508 637 594 703 Deo:
616 659 674 703 nec
686 655 828 721 possunt,
842 642 908 703 imo
922 643 1033 705 nolunt
1047 656 1118 706 toto

59 790 65 797 -
118 753 153 817 in
175 747 306 814 ecclesia
326 745 408 807 vitae
431 762 506 805 suae
527 753 669 825 tempore
684 743 863 827 congregari
876 758 907 807 et
919 759 993 808 aute
1007 745 1120 809 buma-

119 856 179 920 nos
204 865 290 915 aetus
317 844 389 910 Deo
415 844 596 908 orationum
622 865 760 916 suarum,
780 842 891 909 offerre
919 845 1119 911 sacrificium.

121 955 248 1043 Quotus
262 951 348 1015 enim
364 949 498 1033 quisque
513 938 577 1021 est,
604 945 660 1028 qui
672 945 785 1010 saltem
798 947 875 1011 baec
888 970 1005 1037 pauca,
1033 970 1119 1034 quae

120 1068 234 1126 statuta
246 1066 336 1129 sunt,
355 1049 404 1114 vel
419 1048 530 1113 orandi
542 1062 703 1132 tempora,
730 1048 781 1114 vel
792 1049 971 1133 jejunandi,
992 1071 1120 1136 semper

120 1154 285 1231 exerceat?
314 1165 316 1169 ‘
335 1152 545 1236 ltaque-sient
563 1150 657 1217 nobis,
674 1148 745 1214 licet
763 1150 813 1215 vel
830 1151 970 1236 jejunare
983 1173 1120 1237 semper,

119 1262 170 1335 'nel
192 1272 317 1342 semper
339 1274 445 1331 orare,
473 1267 504 1317 et
524 1251 610 1315 diem
630 1250 825 1316 dominicam
839 1268 968 1339 accepto
983 1254 1120 1319 Domini

78 1414 81 1419 .
120 1383 251 1450 corpore
270 1344 482 1433 indesinenter
499 1352 655 1418 celebrare
673 1353 895 1437 gaudentibus:
936 1363 1066 1423 nonita
1088 1372 1119 1423 et

121 1465 253 1532 Judaeis
272 1459 320 1525 sas
336 1473 384 1523 est
406 1456 495 1521 omni
513 1469 655 1538 tempore
669 1453 837 1521 immolare
850 1448 985 1542 agnum,
1011 1474 1119 1544 pente·

122 1562 229 1636 oost'en
244 1562 350 1648 agere:
371 1557 575 1623 tabernacula
587 1554 699 1643 ligere,
717 1557 855 1641 jejunare
870 1561 1040 1644 quotidie.’3

204 1663 433 1752 Apostolorum
440 1658 681 1745 igiturdoctri'na
690 1659 728 1722 de
742 1674 835 1738 certa,
856 1684 939 1746 quse
952 1665 985 1725 io
998 1664 1119 1730 rituum

120 1759 336 1850 festorumque
354 1763 548 1827 institutione
567 1773 598 1826 et
617 1762 819 1845 abrogatione
845 1767 998 1844 cernitur,
1028 1763 1117 1830 Chri-

121 1877 297 1942 stianorum
313 1866 470 1946 libertate,
499 1865 597 1929 etiam
609 1866 803 1947 'posterioris‘
813 1861 884 1931 ae'vi
893 1868 1032 1950 patribus
1047 1890 1117 1951 per·

121 1997 221 2065 quam
237 1985 364 2054 accepta
375 1964 443 2033 fuit.
492 1963 659 2044 Attamen,
682 1954 850 2051 quum'illo
863 1983 1004 2054 tempore
1016 1971 1118 2034 multa

120 2080 199 2147 {esta
212 2073 392 2154 multosque
410 2069 487 2130 ritus
502 2068 677 2146 institutos,
702 2064 822 2153 eo'sque
836 2072 877 2134 ab
893 2073 1039 2154 omnibus
1052 2072 1117 2139 sere

121 2177 306 2248 Christianis
326 2172 418 2237 anxie
440 2183 470 2233 et
489 2168 633 2254 religiose
646 2172 826 2235 observatos
841 2193 906 2236 esse
920 2190 1056 2252 constet,
1081 2178 1116 2239 in

121 2293 274 2369 promptu
287 2289 349 2351 est,
377 2294 418 2336 ne
434 2271 707 2339 celeberrimorum
722 2273 851 2357 quidem
864 2276 1002 2339 virorum
1018 2277 1056 2341 de
1069 2278 1116 2342 bis

121 2385 215 2450 rebus
240 2378 393 2464 judicium
418 2373 539 2457 aliquid
558 2374 592 2436 in
611 2375 792 2458 aequalium
821 2377 945 2441 animos
967 2383 1116 2463 potuisse.

13 2494 18 2501 '
121 2486 170 2553 Ita
181 2483 327 2555 forsitan,
349 2479 392 2540 sic
405 2475 507 2538 dicere
521 2475 619 2558 possit
634 2476 925 2563 quispiampetiam
938 2481 970 2557 ip
986 2483 1117 2547 eeclesia

121 2585 296 2674 apostolica
317 2602 368 2644 res
390 2598 456 2642 sese
477 2575 629 2640 babuerit.
677 2577 765 2643 Nam
786 2580 928 2643 docuisse
943 2580 1116 2664 Apostolos

122 2689 253 2775 quidem
267 2684 304 2747 de
318 2683 457 2745 libertate
469 2678 524 2740 illa
541 2678 689 2762 aequales
701 2675 775 2744 tuos
788 2685 1048 2766 ooo-negandum
1061 2704 1117 2765 est,

122 2792 178 2859 sed
202 2788 271 2874 plus
291 2784 421 2848 forsitan
441 2780 527 2865 apud
546 2781 604 2843 hos
624 2783 886 2847 caerimoniarum
901 2774 1117 2874 festorumqoe

122 2915 231 2968 amor,
260 2907 357 2972 qoam
378 2883 503 2946 illorum
522 2885 689 2946 auctoritas
709 2885 858 2975 valuerit„
902 2887 987 2972 Ergo
1002 2912 1039 2954 ex
1057 2893 1118 2956 ista

122 2991 349 3079 Apostolorum
362 2985 504 3049 doctrina
525 3005 591 3045 non
605 2988 824 3070 consequitur,
851 2977 1118 3058 Christianos'an-

121 3093 305 3179 tiquissimis
316 3089 376 3153 illis
388 3085 581 3170 temporibus
595 3084 673 3150 lesta
686 3109 750 3150 non
765 3092 878 3175 egisse,
899 3113 1017 3177 eosque
1031 3095 1118 3159 diem

124 3196 321 3274 dominicum
335 3212 400 3253 non
418 3186 603 3274 celebrasse5
633 3191 710 3272 quin
725 3193 829 3275 potios
844 3194 934 3277 hujus
947 3197 992 3258 rei
1005 3194 1117 3259 firmis·

121 3300 204 3362 sima
215 3295 412 3379 reperiuntur
430 3295 463 3354 in
484 3291 569 3354 libris
589 3292 663 3354 novi
676 3297 851 3359 testamenti
863 3299 1000 3382 vestigia.
1051 3298 1117 3382 Qui

121 3398 206 3464 hanc
220 3387 394 3481 seq'ountur
408 3395 610 3478 opinionem,
629 3393 708 3459 baec
726 3396 785 3460 tria
804 3398 948 3481 inprimis
961 3399 1119 3464 testificari

123 3502 228 3567 solent
248 3502 435 3583 scriptorum
457 3516 617 3561 sacrorum
636 3496 728 3561 dieta.
783 3499 864 3563 Act.
887 3499 914 3564 A
920 3523 979 3586 pp.
1000 3510 1057 3580 20,
1087 3509 1118 3569 7.

123 3601 251 3669 I.Cor.
273 3609 329 3678 16,
352 3607 381 3669 1.
393 3609 425 3669 2.
473 3599 766 3697 Apocal.1,¹10.
807 3601 858 3666 De
870 3601 918 3665 bis
931 3603 1023 3687 igitur
1035 3605 1120 3668 aliis·

125 3724 206 3791 que,
242 3725 323 3788 quae
343 3700 396 3766 alii
416 3703 456 3767 ad
484 3715 624 3764 nostram
644 3722 715 3765 rem*
732 3702 851 3788 aliquid
874 3702 976 3770 facere
997 3709 1119 3789 opinati

13 3890 20 3901 ι
125 3819 214 3884 sunt,
241 3804 510 3889 Evangelistarum
524 3804 755 3885 narrationibus
768 3805 837 3871 fuse
850 3828 935 3872 nunc
948 3822 979 3873 et
992 3830 1118 3874 accura-

116 3907 327 3995 'te'agendum
341 3921 397 3973 est.
777 3896 779 3900 ⁸
877 3918 880 3923 ’
1147 3910 1149 3919 ’
