<?xml version="1.0" encoding="UTF-8"?>
<!DOCTYPE html PUBLIC "-//W3C//DTD XHTML 1.0 Transitional//EN"
    "http://www.w3.org/TR/xhtml1/DTD/xhtml1-transitional.dtd">
<html xmlns="http://www.w3.org/1999/xhtml" xml:lang="en" lang="en">
 <head>
  <title>
</title>
<meta http-equiv="Content-Type" content="text/html;charset=utf-8" />
  <meta name='ocr-system' content='tesseract 3.04.00' />
  <meta name='ocr-capabilities' content='ocr_page ocr_carea ocr_par ocr_line ocrx_word'/>
</head>
<body>
  <div class='ocr_page' id='page_1' title='image "./dedieidominicia00frangoog_0032.png"; bbox 0 0 2536 4492; ppageno 0'>
   <div class='ocr_carea' id='block_1_1' title="bbox 409 269 962 344">
    <p class='ocr_par' dir='ltr' id='par_1_1' title="bbox 409 218 962 344">
     <span class='ocr_line' id='line_1_1' title="bbox 409 269 962 344; baseline 0.034 -30"><span class='ocrx_word' id='word_1_1' title='bbox 409 299 489 318; x_wconf 88' lang='grc'><strong>........</strong></span> <span class='ocrx_word' id='word_1_2' title='bbox 544 269 590 344; x_wconf 76' lang='lat'>19</span> <span class='ocrx_word' id='word_1_3' title='bbox 835 272 851 339; x_wconf 83' lang='grc'>·.</span> <span class='ocrx_word' id='word_1_4' title='bbox 959 328 962 335; x_wconf 90' lang='grc'><strong>,</strong></span> 
     </span>
    </p>
   </div>
   <div class='ocr_carea' id='block_1_2' title="bbox 49 423 1073 618">
    <p class='ocr_par' dir='ltr' id='par_1_2' title="bbox 49 423 1073 618">
     <span class='ocr_line' id='line_1_2' title="bbox 60 423 1073 526; baseline 0.005 -35"><span class='ocrx_word' id='word_1_5' title='bbox 60 443 294 492; x_wconf 82' lang='lat' dir='ltr'>cessuusus</span> <span class='ocrx_word' id='word_1_6' title='bbox 313 423 455 503; x_wconf 73' lang='lat' dir='ltr'>luerit,</span> <span class='ocrx_word' id='word_1_7' title='bbox 478 444 543 503; x_wconf 89' lang='lat' dir='ltr'>ne,</span> <span class='ocrx_word' id='word_1_8' title='bbox 559 445 686 509; x_wconf 78' lang='lat' dir='ltr'>nuum</span> <span class='ocrx_word' id='word_1_9' title='bbox 708 447 871 510; x_wconf 81' lang='lat' dir='ltr'>venero,</span> <span class='ocrx_word' id='word_1_10' title='bbox 897 431 1073 526; x_wconf 55' lang='lat' dir='ltr'>tumdeae</span> 
     </span>
     <span class='ocr_line' id='line_1_3' title="bbox 49 524 590 618; baseline -0.002 -27"><span class='ocrx_word' id='word_1_11' title='bbox 49 549 164 593; x_wconf 79' lang='lat' dir='ltr'>,mum</span> <span class='ocrx_word' id='word_1_12' title='bbox 179 527 453 618; x_wconf 64' lang='lat' dir='ltr'><strong>collectiones</strong></span> <span class='ocrx_word' id='word_1_13' title='bbox 472 524 590 593; x_wconf 76' lang='lat' dir='ltr'>liant</span> 
     </span>
    </p>
   </div>
   <div class='ocr_carea' id='block_1_3' title="bbox 61 672 1063 874">
    <p class='ocr_par' dir='ltr' id='par_1_3' title="bbox 61 672 1063 874">
     <span class='ocr_line' id='line_1_4' title="bbox 146 672 1060 772; baseline 0.01 -27"><span class='ocrx_word' id='word_1_14' title='bbox 146 681 305 748; x_wconf 85' lang='lat' dir='ltr'>Jubentur</span> <span class='ocrx_word' id='word_1_15' title='bbox 327 683 390 748; x_wconf 89' lang='lat' dir='ltr'>hoc</span> <span class='ocrx_word' id='word_1_16' title='bbox 412 681 484 748; x_wconf 92' lang='lat' dir='ltr'>loco</span> <span class='ocrx_word' id='word_1_17' title='bbox 503 672 677 747; x_wconf 86' lang='lat' dir='ltr'>Christiani</span> <span class='ocrx_word' id='word_1_18' title='bbox 694 680 888 753; x_wconf 78' lang='lat' dir='ltr'>Corinthiaci</span> <span class='ocrx_word' id='word_1_19' title='bbox 912 687 953 755; x_wconf 87' lang='lat' dir='ltr'>ab</span> <span class='ocrx_word' id='word_1_20' title='bbox 972 685 1060 772; x_wconf 86' lang='lat' dir='ltr'>Apo·</span> 
     </span>
     <span class='ocr_line' id='line_1_5' title="bbox 61 778 1063 874; baseline 0.01 -27"><span class='ocrx_word' id='word_1_21' title='bbox 61 782 146 850; x_wconf 90' lang='lat' dir='ltr'>stolo</span> <span class='ocrx_word' id='word_1_22' title='bbox 177 786 283 869; x_wconf 88' lang='lat' dir='ltr'>primo</span> <span class='ocrx_word' id='word_1_23' title='bbox 312 806 442 870; x_wconf 90' lang='lat' dir='ltr'>quoque</span> <span class='ocrx_word' id='word_1_24' title='bbox 467 783 674 850; x_wconf 82' lang='lat' dir='ltr'>hebdomadis</span> <span class='ocrx_word' id='word_1_25' title='bbox 696 787 746 863; x_wconf 80' lang='lat' dir='ltr'>die</span> <span class='ocrx_word' id='word_1_26' title='bbox 767 787 887 874; x_wconf 92' lang='lat' dir='ltr'>aliquid</span> <span class='ocrx_word' id='word_1_27' title='bbox 906 778 1063 874; x_wconf 72' lang='lat' dir='ltr'>pecuniae</span> 
     </span>
    </p>
   </div>
   <div class='ocr_carea' id='block_1_4' title="bbox 57 885 1196 977">
    <p class='ocr_par' dir='ltr' id='par_1_4' title="bbox 57 885 1196 977">
     <span class='ocr_line' id='line_1_6' title="bbox 57 885 1196 977; baseline 0.003 -25"><span class='ocrx_word' id='word_1_28' title='bbox 57 886 240 962; x_wconf 81' lang='lat' dir='ltr'>&#39;domisuae</span> <span class='ocrx_word' id='word_1_29' title='bbox 253 886 294 953; x_wconf 89' lang='lat' dir='ltr'>ad</span> <span class='ocrx_word' id='word_1_30' title='bbox 305 885 521 951; x_wconf 84' lang='lat' dir='ltr'>collectionem</span> <span class='ocrx_word' id='word_1_31' title='bbox 535 887 686 968; x_wconf 89' lang='lat' dir='ltr'>condere,</span> <span class='ocrx_word' id='word_1_32' title='bbox 706 891 740 953; x_wconf 89' lang='lat' dir='ltr'>in</span> <span class='ocrx_word' id='word_1_33' title='bbox 753 887 949 956; x_wconf 81' lang='lat' dir='ltr'>Christianos</span> <span class='ocrx_word' id='word_1_34' title='bbox 959 890 1061 956; x_wconf 87' lang='lat' dir='ltr'>hiero·</span> <span class='ocrx_word' id='word_1_35' title='bbox 1120 890 1123 895; x_wconf 81' lang='grc'><strong>’</strong></span> <span class='ocrx_word' id='word_1_36' title='bbox 1192 969 1196 977; x_wconf 26' lang='lat'><strong>¹</strong></span> 
     </span>
    </p>
   </div>
   <div class='ocr_carea' id='block_1_5' title="bbox 40 982 1099 1991">
    <p class='ocr_par' dir='ltr' id='par_1_5' title="bbox 40 982 1099 1991">
     <span class='ocr_line' id='line_1_7' title="bbox 63 982 1061 1081; baseline 0 -23"><span class='ocrx_word' id='word_1_37' title='bbox 63 990 268 1081; x_wconf 76' lang='lat' dir='ltr'>solymitanos</span> <span class='ocrx_word' id='word_1_38' title='bbox 286 987 519 1055; x_wconf 81' lang='lat' dir='ltr'>conferendam.</span> <span class='ocrx_word' id='word_1_39' title='bbox 569 988 667 1074; x_wconf 85' lang='lat' dir='ltr'>Quod</span> <span class='ocrx_word' id='word_1_40' title='bbox 680 1012 753 1055; x_wconf 91' lang='lat' dir='ltr'>cum</span> <span class='ocrx_word' id='word_1_41' title='bbox 767 982 829 1056; x_wconf 85' lang='lat' dir='ltr'>hoc</span> <span class='ocrx_word' id='word_1_42' title='bbox 840 993 919 1071; x_wconf 86' lang='lat' dir='ltr'>isto,</span> <span class='ocrx_word' id='word_1_43' title='bbox 942 1014 981 1058; x_wconf 88' lang='lat' dir='ltr'>ac</span> <span class='ocrx_word' id='word_1_44' title='bbox 994 1005 1061 1058; x_wconf 86' lang='lat' dir='ltr'>uon</span> 
     </span>
     <span class='ocr_line' id='line_1_8' title="bbox 45 1086 1099 1181; baseline 0.01 -28"><span class='ocrx_word' id='word_1_45' title='bbox 45 1146 49 1153; x_wconf 88' lang='lat'><em>.</em></span> <span class='ocrx_word' id='word_1_46' title='bbox 63 1107 147 1161; x_wconf 88' lang='lat' dir='ltr'>certo</span> <span class='ocrx_word' id='word_1_47' title='bbox 168 1092 250 1171; x_wconf 89' lang='lat' dir='ltr'>alio,</span> <span class='ocrx_word' id='word_1_48' title='bbox 276 1106 332 1158; x_wconf 87' lang='lat' dir='ltr'>aut</span> <span class='ocrx_word' id='word_1_49' title='bbox 345 1093 465 1158; x_wconf 82' lang='lat' dir='ltr'>incerto</span> <span class='ocrx_word' id='word_1_50' title='bbox 479 1091 620 1176; x_wconf 91' lang='lat' dir='ltr'>quodam</span> <span class='ocrx_word' id='word_1_51' title='bbox 636 1088 844 1172; x_wconf 84' lang='lat' dir='ltr'>hebdomadis</span> <span class='ocrx_word' id='word_1_52' title='bbox 857 1092 908 1162; x_wconf 85' lang='lat' dir='ltr'>dic</span> <span class='ocrx_word' id='word_1_53' title='bbox 922 1117 960 1161; x_wconf 86' lang='lat' dir='ltr'>ex</span> <span class='ocrx_word' id='word_1_54' title='bbox 971 1117 1062 1181; x_wconf 80' lang='lat' dir='ltr'>prae·</span> <span class='ocrx_word' id='word_1_55' title='bbox 1097 1086 1099 1091; x_wconf 45' lang='grc'>’</span> 
     </span>
     <span class='ocr_line' id='line_1_9' title="bbox 40 1191 1062 1284; baseline 0.002 -21"><span class='ocrx_word' id='word_1_56' title='bbox 40 1209 156 1281; x_wconf 80' lang='lat' dir='ltr'>&#39;&#39;cepto</span> <span class='ocrx_word' id='word_1_57' title='bbox 176 1191 323 1279; x_wconf 82' lang='lat' dir='ltr'>Apostoli</span> <span class='ocrx_word' id='word_1_58' title='bbox 335 1192 403 1260; x_wconf 85' lang='lat' dir='ltr'>fieri</span> <span class='ocrx_word' id='word_1_59' title='bbox 416 1193 546 1272; x_wconf 87' lang='lat' dir='ltr'>debeat,</span> <span class='ocrx_word' id='word_1_60' title='bbox 571 1192 707 1280; x_wconf 89' lang='lat' dir='ltr'>probare</span> <span class='ocrx_word' id='word_1_61' title='bbox 719 1193 891 1284; x_wconf 67' lang='lat' dir='ltr'>demet),</span> <span class='ocrx_word' id='word_1_62' title='bbox 912 1192 1062 1265; x_wconf 83' lang='lat' dir='ltr'>Christia-</span> 
     </span>
     <span class='ocr_line' id='line_1_10' title="bbox 54 1282 1060 1383; baseline 0.003 -21"><span class='ocrx_word' id='word_1_63' title='bbox 54 1298 122 1363; x_wconf 83' lang='lat' dir='ltr'>&#39;nos</span> <span class='ocrx_word' id='word_1_64' title='bbox 149 1297 216 1383; x_wconf 86' lang='lat' dir='ltr'>jam</span> <span class='ocrx_word' id='word_1_65' title='bbox 241 1292 297 1360; x_wconf 80' lang='lat' dir='ltr'>illo</span> <span class='ocrx_word' id='word_1_66' title='bbox 323 1309 466 1382; x_wconf 90' lang='lat' dir='ltr'>tempore</span> <span class='ocrx_word' id='word_1_67' title='bbox 488 1295 698 1362; x_wconf 82' lang='lat' dir='ltr'>huncceteris</span> <span class='ocrx_word' id='word_1_68' title='bbox 718 1282 926 1363; x_wconf 83' lang='lat' dir='ltr'>hebdomadis</span> <span class='ocrx_word' id='word_1_69' title='bbox 948 1286 1060 1364; x_wconf 80' lang='lat' dir='ltr'>diebus</span> 
     </span>
     <span class='ocr_line' id='line_1_11' title="bbox 60 1395 1060 1489; baseline 0.004 -25"><span class='ocrx_word' id='word_1_70' title='bbox 60 1397 255 1489; x_wconf 83' lang='lat' dir='ltr'>praetulisse.</span> <span class='ocrx_word' id='word_1_71' title='bbox 281 1395 325 1464; x_wconf 74' lang='lat' dir='ltr'>Aa</span> <span class='ocrx_word' id='word_1_72' title='bbox 338 1410 452 1476; x_wconf 90' lang='lat' dir='ltr'>errant,</span> <span class='ocrx_word' id='word_1_73' title='bbox 463 1412 499 1462; x_wconf 92' lang='lat' dir='ltr'>ut</span> <span class='ocrx_word' id='word_1_74' title='bbox 511 1398 591 1463; x_wconf 89' lang='lat' dir='ltr'>mihi</span> <span class='ocrx_word' id='word_1_75' title='bbox 606 1398 736 1484; x_wconf 87' lang='lat' dir='ltr'>quidem</span> <span class='ocrx_word' id='word_1_76' title='bbox 749 1400 882 1466; x_wconf 85' lang='lat' dir='ltr'>ridetur.</span> <span class='ocrx_word' id='word_1_77' title='bbox 907 1398 1060 1487; x_wconf 82' lang='lat' dir='ltr'>Nam‘qtre</span> 
     </span>
     <span class='ocr_line' id='line_1_12' title="bbox 60 1496 1060 1588; baseline 0 -20"><span class='ocrx_word' id='word_1_78' title='bbox 60 1500 90 1568; x_wconf 86' lang='lat' dir='ltr'>si</span> <span class='ocrx_word' id='word_1_79' title='bbox 111 1496 288 1573; x_wconf 83' lang='lat' dir='ltr'>secundum</span> <span class='ocrx_word' id='word_1_80' title='bbox 303 1497 532 1585; x_wconf 78' lang='lat' dir='ltr'>Apostolorum</span> <span class='ocrx_word' id='word_1_81' title='bbox 553 1500 741 1565; x_wconf 88' lang='lat' dir='ltr'>mandatum</span> <span class='ocrx_word' id='word_1_82' title='bbox 761 1499 824 1566; x_wconf 89' lang='lat' dir='ltr'>hoc</span> <span class='ocrx_word' id='word_1_83' title='bbox 841 1501 910 1582; x_wconf 91' lang='lat' dir='ltr'>die,</span> <span class='ocrx_word' id='word_1_84' title='bbox 950 1515 1060 1588; x_wconf 83' lang='lat' dir='ltr'>quern·</span> 
     </span>
     <span class='ocr_line' id='line_1_13' title="bbox 59 1598 1061 1671; baseline 0.001 -1"><span class='ocrx_word' id='word_1_85' title='bbox 59 1602 238 1670; x_wconf 85' lang='lat' dir='ltr'>admodum</span> <span class='ocrx_word' id='word_1_86' title='bbox 279 1603 427 1668; x_wconf 84' lang='lat' dir='ltr'>omnibus</span> <span class='ocrx_word' id='word_1_87' title='bbox 473 1616 505 1667; x_wconf 92' lang='lat' dir='ltr'>et</span> <span class='ocrx_word' id='word_1_88' title='bbox 552 1598 752 1671; x_wconf 84' lang='lat' dir='ltr'>Graecorum</span> <span class='ocrx_word' id='word_1_89' title='bbox 791 1617 823 1669; x_wconf 92' lang='lat' dir='ltr'>et</span> <span class='ocrx_word' id='word_1_90' title='bbox 860 1603 1061 1671; x_wconf 87' lang='lat' dir='ltr'>Judaeorum</span> 
     </span>
     <span class='ocr_line' id='line_1_14' title="bbox 59 1688 1061 1791; baseline 0.003 -19"><span class='ocrx_word' id='word_1_91' title='bbox 59 1703 148 1772; x_wconf 80' lang='lat' dir='ltr'>sestis</span> <span class='ocrx_word' id='word_1_92' title='bbox 174 1688 283 1771; x_wconf 80' lang='lat' dir='ltr'>diebds</span> <span class='ocrx_word' id='word_1_93' title='bbox 304 1727 343 1771; x_wconf 85' lang='lat' dir='ltr'>ex</span> <span class='ocrx_word' id='word_1_94' title='bbox 366 1704 433 1791; x_wconf 80' lang='lat' dir='ltr'>lege</span> <span class='ocrx_word' id='word_1_95' title='bbox 460 1703 528 1769; x_wconf 86' lang='lat' dir='ltr'>fieri</span> <span class='ocrx_word' id='word_1_96' title='bbox 556 1702 706 1784; x_wconf 89' lang='lat' dir='ltr'>debebat,</span> <span class='ocrx_word' id='word_1_97' title='bbox 738 1703 779 1768; x_wconf 95' lang='lat' dir='ltr'>ad</span> <span class='ocrx_word' id='word_1_98' title='bbox 806 1726 896 1770; x_wconf 88' lang='lat' dir='ltr'>sacra</span> <span class='ocrx_word' id='word_1_99' title='bbox 915 1705 1061 1775; x_wconf 79' lang='lat' dir='ltr'>facienda</span> 
     </span>
     <span class='ocr_line' id='line_1_15' title="bbox 58 1803 1060 1900; baseline 0.004 -27"><span class='ocrx_word' id='word_1_100' title='bbox 58 1830 127 1874; x_wconf 86' lang='lat' dir='ltr'>una</span> <span class='ocrx_word' id='word_1_101' title='bbox 152 1809 371 1900; x_wconf 69' lang='lat' dir='ltr'>convenissent</span> <span class='ocrx_word' id='word_1_102' title='bbox 400 1804 585 1882; x_wconf 84' lang='lat' dir='ltr'>Christiani,</span> <span class='ocrx_word' id='word_1_103' title='bbox 620 1803 792 1890; x_wconf 83' lang='lat' dir='ltr'>Apostolus</span> <span class='ocrx_word' id='word_1_104' title='bbox 807 1807 862 1873; x_wconf 79' lang='lat' dir='ltr'>&#39;ad</span> <span class='ocrx_word' id='word_1_105' title='bbox 888 1807 973 1872; x_wconf 91' lang='lat' dir='ltr'>hunc</span> <span class='ocrx_word' id='word_1_106' title='bbox 994 1807 1060 1878; x_wconf 82' lang='lat' dir='ltr'>fere</span> 
     </span>
     <span class='ocr_line' id='line_1_16' title="bbox 59 1900 1075 1991; baseline 0.004 -17"><span class='ocrx_word' id='word_1_107' title='bbox 59 1908 197 1974; x_wconf 85' lang='lat' dir='ltr'>modum</span> <span class='ocrx_word' id='word_1_108' title='bbox 217 1907 387 1974; x_wconf 88' lang='lat' dir='ltr'>Corinthiis</span> <span class='ocrx_word' id='word_1_109' title='bbox 414 1908 600 1991; x_wconf 80' lang='lat' dir='ltr'>scripsisset:</span> <span class='ocrx_word' id='word_1_110' title='bbox 656 1900 790 1991; x_wconf 86' lang='lat' dir='ltr'>„Quum</span> <span class='ocrx_word' id='word_1_111' title='bbox 809 1910 843 1972; x_wconf 91' lang='lat' dir='ltr'>in</span> <span class='ocrx_word' id='word_1_112' title='bbox 867 1903 1075 1978; x_wconf 83' lang='lat' dir='ltr'>memoriam·</span> 
     </span>
    </p>
   </div>
   <div class='ocr_carea' id='block_1_6' title="bbox 62 2009 1168 2094">
    <p class='ocr_par' dir='ltr' id='par_1_6' title="bbox 62 2009 1168 2094">
     <span class='ocr_line' id='line_1_17' title="bbox 62 2009 1168 2094; baseline 0 -17"><span class='ocrx_word' id='word_1_113' title='bbox 62 2009 180 2077; x_wconf 84' lang='lat' dir='ltr'>Christi</span> <span class='ocrx_word' id='word_1_114' title='bbox 194 2012 357 2076; x_wconf 88' lang='lat' dir='ltr'>emortuis</span> <span class='ocrx_word' id='word_1_115' title='bbox 373 2012 511 2075; x_wconf 90' lang='lat' dir='ltr'>suscitati</span> <span class='ocrx_word' id='word_1_116' title='bbox 525 2010 629 2094; x_wconf 86' lang='lat' dir='ltr'>primo</span> <span class='ocrx_word' id='word_1_117' title='bbox 648 2009 855 2091; x_wconf 85' lang='lat' dir='ltr'>hebdomadis</span> <span class='ocrx_word' id='word_1_118' title='bbox 873 2010 924 2078; x_wconf 90' lang='lat' dir='ltr'>die</span> <span class='ocrx_word' id='word_1_119' title='bbox 938 2013 972 2075; x_wconf 93' lang='lat' dir='ltr'>in</span> <span class='ocrx_word' id='word_1_120' title='bbox 986 2034 1061 2077; x_wconf 90' lang='lat' dir='ltr'>con·</span> <span class='ocrx_word' id='word_1_121' title='bbox 1164 2023 1168 2031; x_wconf 87' lang='lat'>&#39;</span> 
     </span>
    </p>
   </div>
   <div class='ocr_carea' id='block_1_7' title="bbox 57 2107 1119 3536">
    <p class='ocr_par' dir='ltr' id='par_1_7' title="bbox 60 2107 1148 2919">
     <span class='ocr_line' id='line_1_18' title="bbox 60 2107 1063 2200; baseline -0.001 -20"><span class='ocrx_word' id='word_1_122' title='bbox 60 2115 189 2180; x_wconf 83' lang='lat' dir='ltr'>‘cionem</span> <span class='ocrx_word' id='word_1_123' title='bbox 220 2114 410 2190; x_wconf 84' lang='lat' dir='ltr'>convenitis,</span> <span class='ocrx_word' id='word_1_124' title='bbox 446 2113 582 2196; x_wconf 88' lang='lat' dir='ltr'>quisque</span> <span class='ocrx_word' id='word_1_125' title='bbox 610 2124 749 2176; x_wconf 85' lang='lat' dir='ltr'>vestrum</span> <span class='ocrx_word' id='word_1_126' title='bbox 778 2111 898 2178; x_wconf 87' lang='lat' dir='ltr'>adserat</span> <span class='ocrx_word' id='word_1_127' title='bbox 918 2107 1063 2200; x_wconf 89' lang='lat' dir='ltr'>aliquam</span> 
     </span>
     <span class='ocr_line' id='line_1_19' title="bbox 64 2212 1062 2303; baseline 0.003 -24"><span class='ocrx_word' id='word_1_128' title='bbox 64 2217 235 2303; x_wconf 89' lang='lat' dir='ltr'>pecuniam</span> <span class='ocrx_word' id='word_1_129' title='bbox 267 2215 433 2298; x_wconf 90' lang='lat' dir='ltr'>tradatque</span> <span class='ocrx_word' id='word_1_130' title='bbox 459 2233 532 2278; x_wconf 86' lang='lat' dir='ltr'>earn</span> <span class='ocrx_word' id='word_1_131' title='bbox 559 2213 609 2296; x_wconf 93' lang='lat' dir='ltr'>(ut</span> <span class='ocrx_word' id='word_1_132' title='bbox 631 2212 841 2278; x_wconf 85' lang='lat' dir='ltr'>oblationibus</span> <span class='ocrx_word' id='word_1_133' title='bbox 860 2214 963 2283; x_wconf 86' lang='lat' dir='ltr'>facere</span> <span class='ocrx_word' id='word_1_134' title='bbox 981 2212 1062 2282; x_wconf 82' lang='lat' dir='ltr'>sole&#39;·</span> 
     </span>
     <span class='ocr_line' id='line_1_20' title="bbox 62 2313 1061 2402; baseline 0.003 -22"><span class='ocrx_word' id='word_1_135' title='bbox 62 2320 118 2402; x_wconf 85' lang='lat' dir='ltr'>tis)</span> <span class='ocrx_word' id='word_1_136' title='bbox 143 2315 194 2382; x_wconf 80' lang='lat' dir='ltr'>vel</span> <span class='ocrx_word' id='word_1_137' title='bbox 209 2328 268 2386; x_wconf 85' lang='grc' dir='ltr'><em>τοῖς</em></span> <span class='ocrx_word' id='word_1_138' title='bbox 279 2313 475 2397; x_wconf 64' lang='grc' dir='ltr'>πρεσβυτέροις</span> <span class='ocrx_word' id='word_1_139' title='bbox 484 2313 539 2381; x_wconf 65' lang='lat' dir='ltr'>&#39;vel</span> <span class='ocrx_word' id='word_1_140' title='bbox 558 2316 702 2384; x_wconf 75' lang='grc' dir='ltr'><strong>διακόνοις</strong></span> <span class='ocrx_word' id='word_1_141' title='bbox 721 2314 763 2380; x_wconf 76' lang='lat' dir='ltr'>ad</span> <span class='ocrx_word' id='word_1_142' title='bbox 784 2314 1004 2382; x_wconf 84' lang='lat' dir='ltr'>co&#39;llectionem</span> <span class='ocrx_word' id='word_1_143' title='bbox 1024 2320 1061 2384; x_wconf 80' lang='lat' dir='ltr'>t&#39;n</span> 
     </span>
     <span class='ocr_line' id='line_1_21' title="bbox 63 2414 1064 2503; baseline -0.001 -17"><span class='ocrx_word' id='word_1_144' title='bbox 63 2432 190 2486; x_wconf 73' lang='lat' dir='ltr'>unctos</span> <span class='ocrx_word' id='word_1_145' title='bbox 210 2414 451 2494; x_wconf 84' lang='lat' dir='ltr'>conferendam,</span> <span class='ocrx_word' id='word_1_146' title='bbox 478 2436 519 2483; x_wconf 86' lang='lat' dir='ltr'>ue</span> <span class='ocrx_word' id='word_1_147' title='bbox 542 2427 612 2480; x_wconf 91' lang='lat' dir='ltr'>tum</span> <span class='ocrx_word' id='word_1_148' title='bbox 634 2416 781 2495; x_wconf 87' lang='lat' dir='ltr'>demum,</span> <span class='ocrx_word' id='word_1_149' title='bbox 804 2439 904 2502; x_wconf 91' lang='lat' dir='ltr'>quum</span> <span class='ocrx_word' id='word_1_150' title='bbox 925 2420 992 2503; x_wconf 90' lang='lat' dir='ltr'>ipse</span> <span class='ocrx_word' id='word_1_151' title='bbox 1007 2419 1064 2484; x_wconf 87' lang='lat' dir='ltr'>ad·</span> 
     </span>
     <span class='ocr_line' id='line_1_22' title="bbox 62 2517 1060 2607; baseline 0.002 -21"><span class='ocrx_word' id='word_1_152' title='bbox 62 2542 200 2599; x_wconf 79' lang='lat' dir='ltr'>venero,</span> <span class='ocrx_word' id='word_1_153' title='bbox 229 2519 430 2584; x_wconf 82' lang='lat' dir='ltr'>collectiones</span> <span class='ocrx_word' id='word_1_154' title='bbox 443 2517 549 2607; x_wconf 55' lang='lat' dir='ltr'>liant?</span> <span class='ocrx_word' id='word_1_155' title='bbox 590 2519 787 2605; x_wconf 75' lang='lat' dir='ltr'>sicquidem</span> <span class='ocrx_word' id='word_1_156' title='bbox 801 2521 940 2599; x_wconf 87' lang='lat' dir='ltr'>adrem,</span> <span class='ocrx_word' id='word_1_157' title='bbox 960 2543 1060 2606; x_wconf 90' lang='lat' dir='ltr'>quarn</span> 
     </span>
     <span class='ocr_line' id='line_1_23' title="bbox 64 2614 1061 2715; baseline -0.002 -24"><span class='ocrx_word' id='word_1_158' title='bbox 64 2624 127 2691; x_wconf 91' lang='lat' dir='ltr'>sibi</span> <span class='ocrx_word' id='word_1_159' title='bbox 139 2620 371 2715; x_wconf 57' lang='lat' dir='ltr'>assequendam</span> <span class='ocrx_word' id='word_1_160' title='bbox 387 2614 609 2708; x_wconf 68' lang='lat' dir='ltr'>proposuerat,</span> <span class='ocrx_word' id='word_1_161' title='bbox 630 2625 741 2688; x_wconf 91' lang='lat' dir='ltr'>certius</span> <span class='ocrx_word' id='word_1_162' title='bbox 760 2632 798 2687; x_wconf 78' lang='lat' dir='ltr'>ac</span> <span class='ocrx_word' id='word_1_163' title='bbox 816 2622 938 2688; x_wconf 80' lang='lat' dir='ltr'>facilius</span> <span class='ocrx_word' id='word_1_164' title='bbox 959 2645 1061 2689; x_wconf 87' lang='lat' dir='ltr'>acces·</span> 
     </span>
     <span class='ocr_line' id='line_1_24' title="bbox 65 2704 1062 2815; baseline -0.004 -21"><span class='ocrx_word' id='word_1_165' title='bbox 65 2731 156 2794; x_wconf 81' lang='lat' dir='ltr'>sisset</span> <span class='ocrx_word' id='word_1_166' title='bbox 176 2704 360 2815; x_wconf 52' lang='lat' dir='ltr'>Apostffl</span> <span class='ocrx_word' id='word_1_167' title='bbox 412 2722 470 2788; x_wconf 85' lang='lat' dir='ltr'>Sin</span> <span class='ocrx_word' id='word_1_168' title='bbox 498 2739 604 2790; x_wconf 91' lang='lat' dir='ltr'>autem</span> <span class='ocrx_word' id='word_1_169' title='bbox 625 2726 659 2788; x_wconf 91' lang='lat' dir='ltr'>in</span> <span class='ocrx_word' id='word_1_170' title='bbox 678 2724 799 2809; x_wconf 83' lang='lat' dir='ltr'>uulgari</span> <span class='ocrx_word' id='word_1_171' title='bbox 820 2723 912 2809; x_wconf 88' lang='lat' dir='ltr'>bujus</span> <span class='ocrx_word' id='word_1_172' title='bbox 934 2724 995 2788; x_wconf 91' lang='lat' dir='ltr'>loci</span> <span class='ocrx_word' id='word_1_173' title='bbox 1012 2747 1062 2791; x_wconf 85' lang='lat' dir='ltr'>ex·</span> 
     </span>
     <span class='ocr_line' id='line_1_25' title="bbox 64 2810 1119 2919; baseline 0.001 -26"><span class='ocrx_word' id='word_1_174' title='bbox 64 2827 242 2916; x_wconf 83' lang='lat' dir='ltr'>plicatione</span> <span class='ocrx_word' id='word_1_175' title='bbox 264 2810 428 2910; x_wconf 71' lang='lat' dir='ltr'>persistere</span> <span class='ocrx_word' id='word_1_176' title='bbox 447 2826 542 2919; x_wconf 82' lang='lat' dir='ltr'>velis,</span> <span class='ocrx_word' id='word_1_177' title='bbox 573 2826 784 2904; x_wconf 87' lang='lat' dir='ltr'>contendens,</span> <span class='ocrx_word' id='word_1_178' title='bbox 817 2825 902 2890; x_wconf 92' lang='lat' dir='ltr'>haud</span> <span class='ocrx_word' id='word_1_179' title='bbox 923 2848 1063 2894; x_wconf 83' lang='lat' dir='ltr'>necessa·</span> <span class='ocrx_word' id='word_1_180' title='bbox 1116 2824 1119 2831; x_wconf 82' lang='grc'><strong>’</strong></span> 
     </span>
    </p>

    <p class='ocr_par' dir='ltr' id='par_1_8' title="bbox 57 2914 1063 3536">
     <span class='ocr_line' id='line_1_26' title="bbox 65 2914 1063 3021; baseline -0.003 -25"><span class='ocrx_word' id='word_1_181' title='bbox 65 2932 162 3021; x_wconf 59' lang='lat' dir='ltr'>rium⁸</span> <span class='ocrx_word' id='word_1_182' title='bbox 179 2927 290 3006; x_wconf 83' lang='lat' dir='ltr'>fuisse,</span> <span class='ocrx_word' id='word_1_183' title='bbox 324 2927 402 2993; x_wconf 93' lang='lat' dir='ltr'>haec</span> <span class='ocrx_word' id='word_1_184' title='bbox 426 2927 477 2994; x_wconf 83' lang='lat' dir='ltr'>rel</span> <span class='ocrx_word' id='word_1_185' title='bbox 505 2929 552 2992; x_wconf 91' lang='lat' dir='ltr'>his</span> <span class='ocrx_word' id='word_1_186' title='bbox 580 2927 694 2994; x_wconf 86' lang='lat' dir='ltr'>similia</span> <span class='ocrx_word' id='word_1_187' title='bbox 713 2925 831 2991; x_wconf 85' lang='lat' dir='ltr'>Paulus</span> <span class='ocrx_word' id='word_1_188' title='bbox 852 2940 887 2991; x_wconf 92' lang='lat' dir='ltr'>ut</span> <span class='ocrx_word' id='word_1_189' title='bbox 904 2914 1063 3008; x_wconf 77' lang='lat' dir='ltr'>scriberet,</span> 
     </span>
     <span class='ocr_line' id='line_1_27' title="bbox 66 3026 1061 3119; baseline -0.004 -22"><span class='ocrx_word' id='word_1_190' title='bbox 66 3033 186 3119; x_wconf 84' lang='lat' dir='ltr'>quippe</span> <span class='ocrx_word' id='word_1_191' title='bbox 215 3029 255 3094; x_wconf 90' lang='lat' dir='ltr'>de</span> <span class='ocrx_word' id='word_1_192' title='bbox 283 3051 335 3108; x_wconf 90' lang='lat' dir='ltr'>re,</span> <span class='ocrx_word' id='word_1_193' title='bbox 366 3052 483 3115; x_wconf 89' lang='lat' dir='ltr'>nempe</span> <span class='ocrx_word' id='word_1_194' title='bbox 511 3029 551 3097; x_wconf 89' lang='lat' dir='ltr'>de</span> <span class='ocrx_word' id='word_1_195' title='bbox 583 3030 646 3096; x_wconf 88' lang='lat' dir='ltr'>diei</span> <span class='ocrx_word' id='word_1_196' title='bbox 667 3029 820 3095; x_wconf 91' lang='lat' dir='ltr'>dominici</span> <span class='ocrx_word' id='word_1_197' title='bbox 842 3026 1061 3108; x_wconf 85' lang='lat' dir='ltr'>celebratione,</span> 
     </span>
     <span class='ocr_line' id='line_1_28' title="bbox 66 3128 1062 3219; baseline -0.005 -18"><span class='ocrx_word' id='word_1_198' title='bbox 66 3134 216 3201; x_wconf 86' lang='lat' dir='ltr'>omnibus</span> <span class='ocrx_word' id='word_1_199' title='bbox 234 3128 418 3198; x_wconf 87' lang='lat' dir='ltr'>Christianis</span> <span class='ocrx_word' id='word_1_200' title='bbox 446 3134 520 3198; x_wconf 90' lang='lat' dir='ltr'>satis</span> <span class='ocrx_word' id='word_1_201' title='bbox 547 3135 671 3219; x_wconf 76' lang='lat' dir='ltr'>cognita</span> <span class='ocrx_word' id='word_1_202' title='bbox 687 3132 836 3218; x_wconf 87' lang='lat' dir='ltr'>loquens:</span> <span class='ocrx_word' id='word_1_203' title='bbox 879 3129 997 3216; x_wconf 80' lang='lat' dir='ltr'>refugio</span> <span class='ocrx_word' id='word_1_204' title='bbox 1018 3132 1062 3196; x_wconf 96' lang='lat' dir='ltr'>ad</span> 
     </span>
     <span class='ocr_line' id='line_1_29' title="bbox 67 3222 1061 3322; baseline -0.005 -19"><span class='ocrx_word' id='word_1_205' title='bbox 67 3222 124 3316; x_wconf 72' lang='lat' dir='ltr'>ea,</span> <span class='ocrx_word' id='word_1_206' title='bbox 156 3235 282 3322; x_wconf 90' lang='lat' dir='ltr'>quaein</span> <span class='ocrx_word' id='word_1_207' title='bbox 303 3235 558 3301; x_wconf 88' lang='lat' dir='ltr'>antecedentibus</span> <span class='ocrx_word' id='word_1_208' title='bbox 576 3235 674 3299; x_wconf 83' lang='lat' dir='ltr'>fusius</span> <span class='ocrx_word' id='word_1_209' title='bbox 693 3236 833 3319; x_wconf 88' lang='lat' dir='ltr'>exposita</span> <span class='ocrx_word' id='word_1_210' title='bbox 853 3249 935 3297; x_wconf 87' lang='lat' dir='ltr'>sunt.</span> <span class='ocrx_word' id='word_1_211' title='bbox 983 3234 1061 3299; x_wconf 93' lang='lat' dir='ltr'>Nul-</span> 
     </span>
     <span class='ocr_line' id='line_1_30' title="bbox 65 3334 1061 3422; baseline -0.007 -15"><span class='ocrx_word' id='word_1_212' title='bbox 65 3340 138 3407; x_wconf 84' lang='lat' dir='ltr'>tum</span> <span class='ocrx_word' id='word_1_213' title='bbox 170 3337 287 3403; x_wconf 87' lang='lat' dir='ltr'>scilicet</span> <span class='ocrx_word' id='word_1_214' title='bbox 312 3360 412 3422; x_wconf 90' lang='lat' dir='ltr'>quum</span> <span class='ocrx_word' id='word_1_215' title='bbox 444 3337 616 3422; x_wconf 85' lang='lat' dir='ltr'>reperiatur</span> <span class='ocrx_word' id='word_1_216' title='bbox 642 3336 789 3401; x_wconf 85' lang='lat' dir='ltr'>celebrati</span> <span class='ocrx_word' id='word_1_217' title='bbox 818 3334 881 3400; x_wconf 93' lang='lat' dir='ltr'>diei</span> <span class='ocrx_word' id='word_1_218' title='bbox 909 3334 1061 3400; x_wconf 91' lang='lat' dir='ltr'>dominici</span> 
     </span>
     <span class='ocr_line' id='line_1_31' title="bbox 57 3437 1062 3536; baseline -0.012 -37"><span class='ocrx_word' id='word_1_219' title='bbox 57 3440 250 3525; x_wconf 73' lang='lat' dir='ltr'>certamin</span> <span class='ocrx_word' id='word_1_220' title='bbox 276 3459 362 3533; x_wconf 74' lang='lat' dir='ltr'>nouo</span> <span class='ocrx_word' id='word_1_221' title='bbox 390 3452 576 3515; x_wconf 81' lang='lat' dir='ltr'>testamento</span> <span class='ocrx_word' id='word_1_222' title='bbox 602 3440 786 3525; x_wconf 77' lang='lat' dir='ltr'>vestigium,</span> <span class='ocrx_word' id='word_1_223' title='bbox 819 3439 925 3504; x_wconf 82' lang='lat' dir='ltr'>etiam&#39;</span> <span class='ocrx_word' id='word_1_224' title='bbox 946 3437 997 3536; x_wconf 86' lang='lat' dir='ltr'>hic</span> <span class='ocrx_word' id='word_1_225' title='bbox 1012 3437 1062 3501; x_wconf 89' lang='lat' dir='ltr'>lo.</span> 
     </span>
    </p>
   </div>
   <div class='ocr_carea' id='block_1_8' title="bbox 66 3596 274 3617">
    <p class='ocr_par' dir='ltr' id='par_1_9' title="bbox 66 3596 274 3617">
     <span class='ocr_line' id='line_1_32' title="bbox 66 3596 274 3617; baseline 0 -3"><span class='ocrx_word' id='word_1_226' title='bbox 66 3596 274 3617; x_wconf 44' lang='grc' dir='ltr'>κ</span> 
     </span>
    </p>
   </div>
   <div class='ocr_carea' id='block_1_9' title="bbox 101 3672 1063 3757">
    <p class='ocr_par' dir='ltr' id='par_1_10' title="bbox 101 3672 1063 3757">
     <span class='ocr_line' id='line_1_33' title="bbox 101 3672 1063 3757; baseline -0.009 -18"><span class='ocrx_word' id='word_1_227' title='bbox 101 3678 199 3757; x_wconf 60' lang='lat' dir='ltr'>mli,</span> <span class='ocrx_word' id='word_1_228' title='bbox 220 3676 459 3755; x_wconf 69' lang='lat' dir='ltr'>ltingbsmlus</span> <span class='ocrx_word' id='word_1_229' title='bbox 482 3676 506 3743; x_wconf 81' lang='lat'>1.</span> <span class='ocrx_word' id='word_1_230' title='bbox 525 3675 599 3733; x_wconf 84' lang='lat' dir='ltr'>l.··</span> <span class='ocrx_word' id='word_1_231' title='bbox 643 3676 839 3750; x_wconf 70' lang='lat' dir='ltr'>basnagius</span> <span class='ocrx_word' id='word_1_232' title='bbox 857 3676 889 3730; x_wconf 75' lang='lat' dir='ltr'>in</span> <span class='ocrx_word' id='word_1_233' title='bbox 907 3672 1063 3730; x_wconf 78' lang='lat' dir='ltr'>Annalibus</span> 
     </span>
    </p>
   </div>
   <div class='ocr_carea' id='block_1_10' title="bbox 136 3761 1065 3835">
    <p class='ocr_par' dir='ltr' id='par_1_11' title="bbox 136 3748 1203 3839">
     <span class='ocr_line' id='line_1_34' title="bbox 136 3761 1065 3835; baseline 0.005 -21"><span class='ocrx_word' id='word_1_234' title='bbox 136 3769 175 3825; x_wconf 61' lang='lat' dir='ltr'>a</span> <span class='ocrx_word' id='word_1_235' title='bbox 193 3785 299 3825; x_wconf 71' lang='lat' dir='ltr'>unum</span> <span class='ocrx_word' id='word_1_236' title='bbox 317 3771 361 3826; x_wconf 72' lang='lat'>38.</span> <span class='ocrx_word' id='word_1_237' title='bbox 383 3763 481 3835; x_wconf 59' lang='lat' dir='ltr'>§.17ss</span> <span class='ocrx_word' id='word_1_238' title='bbox 518 3768 633 3835; x_wconf 79' lang='lat' dir='ltr'>Aper-ts,</span> <span class='ocrx_word' id='word_1_239' title='bbox 652 3766 708 3830; x_wconf 75' lang='lat' dir='ltr'>ait,</span> <span class='ocrx_word' id='word_1_240' title='bbox 729 3785 767 3822; x_wconf 65' lang='lat' dir='ltr'>en</span> <span class='ocrx_word' id='word_1_241' title='bbox 784 3761 910 3818; x_wconf 82' lang='lat' dir='ltr'>hocloco</span> <span class='ocrx_word' id='word_1_242' title='bbox 923 3763 1065 3835; x_wconf 67' lang='lat' dir='ltr'>igiturli·</span> 
     </span>
    </p>
   </div>
   <div class='ocr_carea' id='block_1_11' title="bbox 62 3839 1067 4009">
    <p class='ocr_par' dir='ltr' id='par_1_12' title="bbox 62 3839 1067 4009">
     <span class='ocr_line' id='line_1_35' title="bbox 111 3839 1065 3933; baseline -0.01 -23"><span class='ocrx_word' id='word_1_243' title='bbox 111 3870 115 3879; x_wconf 89' lang='lat'>·</span> <span class='ocrx_word' id='word_1_244' title='bbox 137 3870 216 3933; x_wconf 74' lang='lat' dir='ltr'>quest,</span> <span class='ocrx_word' id='word_1_245' title='bbox 234 3839 349 3911; x_wconf 69' lang='lat' dir='ltr'>Paulum</span> <span class='ocrx_word' id='word_1_246' title='bbox 359 3851 510 3908; x_wconf 77' lang='lat' dir='ltr'>mundasse</span> <span class='ocrx_word' id='word_1_247' title='bbox 523 3852 693 3916; x_wconf 72' lang='lat' dir='ltr'>Corinthiis,</span> <span class='ocrx_word' id='word_1_248' title='bbox 710 3868 742 3908; x_wconf 85' lang='lat' dir='ltr'>ut</span> <span class='ocrx_word' id='word_1_249' title='bbox 753 3853 846 3922; x_wconf 80' lang='lat' dir='ltr'>prima</span> <span class='ocrx_word' id='word_1_250' title='bbox 860 3848 991 3923; x_wconf 78' lang='lat' dir='ltr'>cujuspis</span> <span class='ocrx_word' id='word_1_251' title='bbox 1002 3846 1065 3919; x_wconf 65' lang='lat' dir='ltr'>hala-</span> 
     </span>
     <span class='ocr_line' id='line_1_36' title="bbox 62 3930 1067 4009; baseline -0.009 -10"><span class='ocrx_word' id='word_1_252' title='bbox 62 3968 67 3977; x_wconf 90' lang='lat'><strong>·</strong></span> <span class='ocrx_word' id='word_1_253' title='bbox 98 3970 105 3985; x_wconf 50' lang='grc' dir='ltr'><strong>ι</strong></span> <span class='ocrx_word' id='word_1_254' title='bbox 137 3941 269 3998; x_wconf 64' lang='lat' dir='ltr'>mdis</span> <span class='ocrx_word' id='word_1_255' title='bbox 279 3940 363 4009; x_wconf 74' lang='lat' dir='ltr'>feria</span> <span class='ocrx_word' id='word_1_256' title='bbox 378 3953 530 3999; x_wconf 70' lang='lat' dir='ltr'>emeatus</span> <span class='ocrx_word' id='word_1_257' title='bbox 548 3930 647 3997; x_wconf 65' lang='lat' dir='ltr'>soccos</span> <span class='ocrx_word' id='word_1_258' title='bbox 658 3939 845 3998; x_wconf 72' lang='lat' dir='ltr'>celebrarem,</span> <span class='ocrx_word' id='word_1_259' title='bbox 864 3947 1067 4008; x_wconf 67' lang='lat' dir='ltr'>negarentque</span> 
     </span>
    </p>
   </div>
   <div class='ocr_carea' id='block_1_12' title="bbox 37 4027 1020 4173">
    <p class='ocr_par' dir='ltr' id='par_1_13' title="bbox 37 4027 1020 4173">
     <span class='ocr_line' id='line_1_37' title="bbox 37 4027 1020 4173; baseline -0.007 -15"><span class='ocrx_word' id='word_1_260' title='bbox 37 4102 44 4125; x_wconf 71' lang='lat'>⁸</span> <span class='ocrx_word' id='word_1_261' title='bbox 138 4027 338 4157; x_wconf 50' lang='lat' dir='ltr'>W·</span> <span class='ocrx_word' id='word_1_262' title='bbox 440 4050 444 4056; x_wconf 15' lang='grc' dir='ltr'><strong>Ἴ</strong></span> <span class='ocrx_word' id='word_1_263' title='bbox 812 4076 1020 4173; x_wconf 49' lang='lat' dir='ltr'>&#39;nsi&#39;</span> 
     </span>
    </p>
   </div>
   <div class='ocr_carea' id='block_1_13' title="bbox 0 0 1276 4492">
    <p class='ocr_par' dir='ltr' id='par_1_14' title="bbox 0 0 1276 4492">
     <span class='ocr_line' id='line_1_38' title="bbox 0 0 1276 4492; baseline 0 0"><span class='ocrx_word' id='word_1_264' title='bbox 0 0 1276 4492; x_wconf 95' lang='lat' dir='ltr'> </span> 
     </span>
    </p>
   </div>
  </div>
 </body>
</html>
