2536 4492
438 300 443 309 “
611 286 662 363 29
713 318 782 339 ·······
785 321 795 351 ι
853 395 856 405 Ι
900 366 904 370 ,
939 279 941 288 ⁴

93 445 95 452 '
135 469 326 526 censent
356 447 654 519 hebdomadis
686 447 834 531 diem,
867 456 949 541 uico
979 475 1034 524 ere
1059 477 1128 523 se·
1136 486 1138 491 v

137 558 527 681 pulchrosemec
515 576 665 645 ipsum
707 546 978 626 Christus
997 561 1128 626 exet

138 667 268 731 tavit.
358 740 363 756 Ι
425 698 429 706 ·

170 878 174 887 “
223 863 266 947 At
292 861 350 929 etsi
372 865 483 953 negari¹
500 866 625 950 nequit,
657 860 907 929 Christianorum
927 862 961 926 in
992 860 1127 951 Bithy·

138 970 207 1033 nia
225 982 330 1035 coetus
345 989 411 1046 eo,
428 990 496 1053 quo
516 968 677 1036 Plinius
700 966 782 1030 hanc
798 965 907 1030 habuit
919 966 1127 1048 provinciam,

135 1084 280 1158 tempore
307 1072 479 1133 maximam
506 1084 629 1154 partem
658 1090 697 1133 ex
718 1068 899 1132 hominibus
925 1067 1056 1131 deorum
1076 1091 1127 1132 su·

136 1173 318 1267 perstitione
348 1171 510 1255 quondam
539 1171 637 1255 captis
662 1140 853 1259 qhhrtitisse,
888 1154 1128 1237 concedendurn
1153 1204 1193 1229 ,-

136 1288 243 1341 tamen
267 1286 313 1337 est
340 1273 583 1352 Boehmero,
617 1268 826 1349 Christianos,
865 1271 921 1355 qui
946 1273 1063 1356 primas
1090 1273 1137 1346 in.
1214 1353 1216 1358 s

136 1375 186 1438 his
209 1373 302 1439 Asiae
323 1376 501 1458 regionibus
526 1375 744 1439 constituerent
764 1373 928 1448 ecclesias,
959 1371 1053 1437 luisse
1071 1373 1145 1437 ali·-

138 1477 433 1560 quando-ludaeos.
477 1476 543 1560 Qui
563 1497 636 1539 vero
655 1499 728 1539 cum
751 1476 814 1571 bis,
841 1473 982 1558 neglecta
999 1491 1126 1558 patrum

109 1579 305 1677 religione,
350 1601 416 1643 sese
444 1568 683 1663 conjunxerunt
695 1579 826 1672 pagani,
878 1589 932 1640 eos
959 1589 1137 1662 tamquam.

136 1703 238 1744 novos
273 1681 344 1746 srdei
378 1683 480 1744 socios
512 1695 653 1744 veterum
689 1677 938 1743 Christianorum
972 1681 1127 1755 voluntati

86 1776 93 1795 ⁸
135 1783 342 1866 moribusque
370 1804 437 1846 esse
463 1783 627 1845 obsecutos
649 1781 881 1866 sabbatumque
898 1783 1022 1864 egisse,
1046 1783 1126 1847 mihi

137 1881 267 1967 quidem
294 1868 415 1948 v'idetur
442 1883 723 1948 verosimillimum.
787 1878 885 1964 Quod
908 1906 1008 1967 quum
1029 1887 1126 1951 etiam

135 1983 388 2049 Moshemius
417 1988 563 2062 senserit,
600 1998 705 2048 stato
727 1982 795 2048 ‘die
818 2005 876 2068 pro
898 1988 1016 2049 statis
1042 1986 1128 2051 die·

136 2085 209 2148 bus
247 2087 385 2168 positum
405 2077 516 2164 credit,
547 2089 591 2151 ita
613 2100 648 2148 ut
669 2108 689 2149 a
716 2083 910 2173 Plinio-et
929 2090 1069 2170 primum
1095 2101 1127 2153 et

135 2188 306 2275 septimum
328 2188 533 2252 hebdomadis
552 2188 636 2252 diem
654 2202 938 2253 commemoratum
956 2211 1040 2267 esse,
1065 2189 1125 2257 sta·

134 2303 223 2354 tuere
254 2278 422 2373 possimus
485 2288 549 2353 Sed
570 2291 658 2366 talis,
692 2289 819 2379 qualern
838 2291 990 2370 voltilia,
1022 2294 1126 2378 singu·

134 2391 208 2455 laris
236 2394 359 2455 numeri
387 2393 502 2455 abusus
525 2412 701 2473 nusquam,
741 2407 895 2475 quantum
917 2395 1003 2472 scio,
1039 2395 1128 2480 apud
1151 2384 1164 2429 ι’

134 2494 300 2576 scriptores
320 2495 466 2577 antiquos
484 2480 622 2558 recurrit.
672 2491 892 2575 Quamobrem
913 2494 1039 2560 Plinii
1058 2486 1126 2563 verss

132 2595 177 2658 ba
194 2594 256 2657 alio
277 2595 467 2678 explicentur
487 2593 602 2669 modo,
635 2615 760 2686 necesse
782 2611 837 2660 est.
892 2597 1049 2662 Plinius
1071 2622 1127 2664 au·
1166 2587 1168 2591 ,

133 2711 217 2772 tem,
252 2718 352 2780 quum
379 2717 445 2761 non
477 2695 575 2774 dicat,
616 2691 809 2764 Christianos
838 2699 888 2766 die
915 2700 1042 2774 Saturni
1071 2716 1147 2766 aut*

134 2797 185 2863 die
212 2797 285 2861 solis
300 2797 474 2861 convenire
493 2795 586 2861 luisse
605 2796 711 2861 solitos
739 2834 780 2848 -
809 2803 895 2889 quod
923 2791 1127 2869 hauddubie
1167 2796 1169 2804 Α

131 2899 272 2975 fecisset,
306 2900 333 2961 si
351 2898 400 2961 illi
426 2920 551 2981 semper
578 2913 632 2962 aut
659 2899 719 2978 hoc
741 2916 796 2965 aut
816 2904 872 2967 illo
892 2904 941 2968 die
964 2907 1127 2970 convenis·
1170 2895 1184 2955 ¹·

132 3013 203 3064 sent
228 3035 268 3049 -
294 2999 454 3075 consulto,
488 3013 523 3060 ut
543 3000 691 3082 equidem
713 3025 842 3082 censeo,
873 3027 943 3071 rem
958 3008 997 3069 'in
1017 3007 1123 3071 medio
1168 2986 1173 3005 ι

130 3101 267 3185 reliquit.
332 3099 461 3164 Etenim
490 3098 659 3166 Christiani
690 3105 894 3181 aRomanis
923 3107 1124 3175 vehementer

132 3204 250 3279 vexati,
278 3223 311 3268 se
333 3202 393 3285 ipsi
411 3201 450 3266 de
471 3202 698 3268 calamitatibus
720 3207 909 3323 perferendis
923 3211 1124 3291 consolaturi,

130 3326 199 3368 non
212 3304 310 3368 semel
328 3318 451 3368 tantum
466 3318 521 3368 aut
539 3304 605 3382 bis,
636 3307 692 3371 sed
711 3309 836 3390 saepius
855 3310 936 3373 inter
953 3310 1125 3377 hebdoma-
1174 3301 1177 3307 ⁵

124 3404 187 3489 ldis
202 3407 340 3489 spatium
368 3405 512 3470 videntur
539 3428 606 3470 sese
627 3430 848 3494 congregasse,
884 3417 1127 3512 congregatique

130 3506 172 3572 de
193 3508 334 3572 iteranda
356 3509 508 3572 concione
528 3507 727 3576 consultasse.
772 3511 916 3596 Quod
891 3531 1040 3578 severum
1055 3538 1123 3584 esse
1146 3570 1152 3587 ,
1174 3526 1182 3543 '

129 3609 320 3692 accipimus,
354 3608 512 3673 Plinius
546 3611 668 3692 aptiora
701 3612 743 3674 ad
774 3634 865 3692 eam,
900 3601 997 3699 quam
1024 3618 1123 3717 expri-
1180 3610 1183 3617 ’

128 3731 217 3775 mere
253 3711 373 3787 voluit,
416 3713 603 3776 sententiam
636 3714 731 3776 verba
765 3713 876 3799 eligere
905 3739 970 3784 non
1009 3720 1122 3801 potuit,

129 3833 232 3895 quum
260 3826 408 3876 statum
434 3812 537 3875 diem
557 3832 644 3875 eum
665 3813 789 3893 dicat,
823 3841 900 3902 quo
922 3816 1120 3885 Christia·
1179 3814 1182 3821 ’

128 3914 171 3978 ni
201 3935 359 3979 rursum
390 3913 611 3982 convenire
634 3929 871 3985 statuerant.
926 3919 1037 4004 ltaque
1065 3944 1131 3997 neq·
