2536 4492
622 273 666 344 13
718 303 723 328 ε
728 301 799 318 ·······
992 240 1051 360 ,ζ
1127 299 1131 310 ·
1215 262 1219 269 ·

144 446 300 516 sens'est,
324 455 389 498 non
408 410 510 497 multo
530 429 633 514 magis
643 429 710 512 jure
723 425 882 505 semotior
894 445 1019 512 semper
1030 427 1143 509 evadat

144 542 179 605 in
204 539 352 603 omnibus
378 551 408 600 et
426 535 514 600 factis
536 547 568 598 et
588 532 690 596 verbis
710 527 894 594 eteffectu?
947 529 1036 593 Talis
1048 535 1094 594 e'st
1104 533 1143 609 is,

144 644 196 707 cui
225 656 271 706 est
293 622 499 724 persuasum,
528 634 634 698 Deum
654 635 771 716 ubique
793 631 916 709 adesse,
950 622 1015 696 non
1034 636 1163 698 autem'

144 745 236 809 certis
256 765 294 809 ac
306 741 439 805 definitis
451 739 524 802 losis
536 741 602 802 es'se
615 736 815 800 conclusum:
842 749 876 798 ut
889 756 962 796 cum
974 756 1008 798 se
1020 732 1142 820 absque

144 865 184 911 eo
197 865 264 908 esse
277 842 450 926 aliquando
463 841 699 922 existimaverit,
729 853 824 932 noctu
837 851 867 902 et
877 837 1014 902 interdiu
1027 839 1140 902 intem·

143 947 304 1032 perantiae
323 960 357 1007 se
374 943 468 1008 dedat
486 957 517 1008 et
535 944 667 1017 libidini,
718 940 792 1004 Per
823 954 943 1003 totam
971 962 1062 1023 ergo
1083 942 1141 1006 vi·
1207 960 1211 966 ·

143 1063 221 1113 tarn
242 1045 345 1111 diem
366 1045 509 1111 festum
531 1061 706 1130 agentes,
735 1044 883 1126 ubique
906 1056 942 1106 et
963 1044 1143 1128 undique
1188 1129 1190 1135 Α

141 1149 433 1214 Deumadesse
461 1143 656 1233 persuasi,
695 1146 908 1227 laudantes
935 1166 1047 1228 agros
1075 1168 1138 1210 co·

140 1253 300 1328 limus,
344 1251 539 1337 hymnos
571 1236 756 1314 canentes
788 1247 1016 1330 navigamus
1041 1262 1072 1311 et
1097 1248 1139 1313 in

141 1352 356 1425 omni'alio
377 1354 690 1418 vitae'instituto
713 1363 858 1414 exarte
878 1348 1103 1417 versamur.”

225 1453 310 1520 Cum
329 1470 530 1540 praeceptore
550 1476 609 1519 suo
622 1455 775 1518 consentit
793 1452 994 1536 Origenes.
1043 1449 1136 1517 Celso

139 1559 228 1622 enirn
253 1554 448 1621 Christianos
475 1557 730 1642 reprehendenti,
767 1554 852 1637 quod
871 1555 955 1615 l'estis
974 1553 1146 1636 gentilium·

139 1682 214 1724 curn
227 1661 289 1723 suis
304 1681 370 1723 non
383 1659 542 1736 fruantur,
571 1656 755 1740 respondet,
777 1656 827 1718 itta
839 1646 988 1737 appellari
1005 1656 1135 1738 quidem
1185 1650 1187 1659 ¹

137 1761 235 1838 festa,
273 1761 329 1825 sed
347 1782 381 1824 re
399 1783 472 1825 vera
494 1760 643 1845 figmenta
661 1779 728 1822 esse
749 1772 778 1822 et
796 1757 1020 1841 superstitionis
1040 1754 1134 1821 docuss

137 1877 264 1939 menta,
292 1884 464 1946 quaecum
484 1860 635 1945 spirituali
655 1863 793 1944 supremi
812 1860 950 1922 numinis
970 1857 1053 1921 cultu
1068 1881 1134 1924 non
1164 1874 1168 1883 “

130 1966 336 2031 -εοηνεηίαῃῑζ
388 1965 511 2028 Deinde
532 1965 643 2046 pergit:
673 1961 871 2043 Festum)
897 1961 982 2023 enirn
1001 1963 1132 2046 (utqui-

138 2066 215 2128 dam
239 2087 368 2149 quoquc
387 2063 584 2130 Graecorum
601 2067 726 2147 sapiens
745 2064 873 2148 pulchre
891 2063 982 2153 dixit)
1007 2062 1051 2126 ni
1064 2064 1084 2126 h
1097 2065 1133 2129 it

136 2165 246 2230 aliud
271 2182 345 2243 est,
375 2165 691 2251 quamosficium
714 2165 860 2233 facere:
890 2153 926 2230 e't
947 2185 1036 2231 vere
1056 2164 1133 2232 ses·

123 2282 217 2332 'tum
239 2271 335 2352 agit,
366 2269 433 2351 qui
455 2267 570 2345 facit,
597 2268 699 2351 quod
721 2267 848 2345 debet,
874 2288 1027 2351 semper
1044 2292 1161 2354 pre-t

136 2372 219 2435 des'
244 2371 431 2447 tundens,
475 2368 558 2433 Deo
587 2373 816 2459 incruentas
841 2372 1022 2435 victimas
1042 2376 1131 2438 'suis

135 2470 310 2536 offerens
333 2473 645 2555 precationibus.
695 2472 793 2540 Unde
816 2473 910 2537 etiarn
936 2480 1132 2557 generosissi·

133 2596 227 2637 mum
253 2574 329 2636 mihi
345 2573 413 2645 ,hoc
437 2572 529 2638 Pauli
548 2576 668 2638 videtur
688 2575 821 2640 dictur'nt
861 2573 937 2638 Dies
959 2576 1133 2642 observatis

88 2718 92 2724 ·
133 2689 165 2740 et
183 2696 307 2738 menses
322 2689 352 2738 et
363 2689 507 2758 tempora
519 2691 549 2741 et
562 2700 680 2762 annos3
713 2679 811 2739 timeo
826 2675 932 2752 vobis,
966 2680 1130 2754 neisustra

131 2779 168 2840 in
191 2778 281 2840 uobis
308 2778 526 2841 laboraverim.
587 2779 684 2863 Quod
708 2775 739 2842 si
759 2790 866 2840 autem
893 2778 982 2839 nobis
1007 2796 1128 2862 regerat

133 2893 294 2943 nostros
316 2879 537 2943 dominicos
561 2897 615 2944 aut
634 2882 878 2945 Parasceuas
902 2893 956 2942 aut
979 2880 1128 2948 Pascha
1188 2883 1202 2912 ³

132 2991 188 3043 aut
216 2979 496 3059 Pentecosten,
525 2985 613 3047 certis
631 2981 740 3046 diebus
760 2995 966 3046 recurrentes:
998 3003 1126 3067 respon·

133 3079 274 3144 dendum
291 3084 443 3145 estetiam
457 3082 585 3161 adhoc,
614 3084 715 3168 quod,
746 3084 800 3167 qui
811 3081 963 3165 perfectus
978 3098 1040 3162 est,
1061 3107 1127 3151 ver·
1183 3112 1185 3119 ¹

132 3180 181 3242 bis
193 3194 224 3244 et
236 3182 382 3264 operibus
395 3198 425 3247 et
442 3185 683 3268 cogitationibus
697 3185 868 3249 adhaerens
881 3184 1040 3266 Domino,
1069 3212 1126 3256 na·

85 3319 89 3329 ·
130 3280 224 3344 turali
237 3281 299 3346 Dei
314 3281 436 3363 Verbo,
469 3308 618 3371 semper
647 3291 733 3371 ejus
759 3289 840 3371 agit
862 3288 947 3351 dies
970 3303 1005 3352 et
1027 3313 1126 3357 nun·

130 3401 248 3467 quarn
272 3406 349 3448 non
372 3387 486 3470 hebet
508 3387 609 3454 diem
633 3387 903 3452 dominicum.”
941 3390 1044 3456 Simili
1057 3416 1124 3459 mo·

128 3485 172 3549 do
184 3487 334 3566 ostendit,
370 3504 434 3572 qua
449 3491 569 3553 ratione
582 3492 637 3555 alii
649 3510 777 3575 qnoque
789 3489 857 3555 sesti
873 3487 1124 3563 Christianorum

128 3584 197 3650 dies
212 3590 301 3652 omni
315 3602 456 3675 ternpore
468 3593 590 3677 possint
603 3591 759 3662 celebrari.
781 3591 991 3680 Tumpergit:
1012 3597 1125 3676 „vut-
1146 3639 1149 3642 >

126 3722 340 3739 *nu

163 3788 195 3859 *)
213 3788 256 3847 cf.
274 3794 444 3868 Origines
462 3810 535 3851 cont.
554 3796 707 3859 Celsum.
740 3797 793 3880 Ed?
808 3784 995 3854 Guilieltn.
1013 3799 1123 3876 Spen-

197 3893 315 3939 oesue.
356 3883 514 3957 Centobrig·
529 3882 729 3953 lbffissrvlll.
745 3901 774 3955 p·
790 3888 850 3947 392.
865 3888 908 3943 98·
949 3884 992 3941 cf.
1011 3906 1122 3959 quoque

193 3963 209 4017 J
217 3979 319 4022 oann.
335 3963 522 4038 Chrysost.
542 3966 646 4025 Homil.
663 3976 687 4030 1.
704 3970 738 4023 de
754 3984 840 4033 sanct,
858 3984 965 4052 pentec.
986 3974 1060 4048 Opp.
1077 3977 1119 4029 ed.

195 4047 325 4116 Montf,
343 4052 371 4108 P.
386 4050 465 4128 tt'p.
481 4056 542 4115 458.
559 4071 637 4124 seqq.
1150 4096 1152 4100 ν
