2536 4492
428 288 433 295 .
490 257 571 297 ·····2·.·,
627 229 650 299 8
702 261 751 275 ·····
750 235 764 275 ἲ
766 263 783 275 ··

132 385 468 453 ›nihilominustamen
481 381 685 459 contendant,
697 384 762 466 jam
776 403 855 446 aevo
870 383 1041 467 apostolico
1054 383 1143 468 apud

140 488 336 556 Christianos
364 505 481 548 usum
509 483 591 549 diei
616 483 810 550 do'minici
836 484 1014 550 celebrandi
1036 501 1143 550 ortum

142 602 219 658 es'se.
280 587 389 673 Quem
418 609 512 650 usurn
535 601 649 670 putant
664 589 830 673 'originem
857 591 984 654 traxisse
1005 613 1025 652 a
1046 589 1143 672 primi

142 689 394 757 Christianorum
425 698 532 753 doetus
561 680 830 775 hierosolymitani
859 689 1019 775 exemplo,
1054 691 1143 775 quod

143 815 256 859 omnes
283 807 393 877 postea
418 791 567 855 ecclesiae
586 791 736 859 imitatae
763 809 867 860 essent
886 795 928 878 ²¹²).
990 792 1034 856 At
1059 813 1143 875 quae

142 915 250 960 sacrae
275 894 384 959 literae
404 894 444 982 de
464 895 524 959 hac
543 896 753 960 vetustissima
775 893 1029 961 Christianorum
1053 893 1143 963 sami-

143 999 188 1063 lia
211 997 355 1075 uadunt,
394 1004 474 1059 cum*
491 996 551 1061 hac
574 999 754 1081 conjectura
783 999 870 1065 haud
897 999 1041 1064 videntur
1068 1018 1143 1060 con·

76 1131 82 1144 ·
143 1120 262 1184 gruere.
342 1097 499 1163 Dicuntur
539 1100 627 1163 enim
665 1098 835 1179 Christiani
872 1099 1144 1184 hierosolymitani

144 1203 286 1287 quotidie
309 1201 405 1264 simul
431 1201 555 1264 adsidui
580 1203 614 1264 in
640 1204 762 1286 templo
787 1203 881 1270 fuisse
908 1203 991 1268 etin
1015 1201 1144 1284 privatis

144 1304 275 1370 aedibus
295 1323 414 1388 panem
433 1299 560 1388 fregisse
582 1304 650 1388 ἢ),
684 1307 859 1390 itidemque
877 1303 1027 1390 Apostoli
1051 1317 1083 1366 et
1108 1302 1146 1365 iu

17 1398 22 1406 ’
71 1412 76 1423 ’
106 1439 110 1454 =
144 1405 265 1489 templo
278 1405 315 1470 'et
334 1406 416 1468 intra
430 1407 562 1488 parietes
581 1405 694 1472 docere
715 1420 745 1473 et
758 1407 872 1472 Jesum
884 1404 1046 1470 Christum
1062 1426 1143 1467 nun·

144 1508 223 1572 tiare
248 1528 315 1569 non
337 1506 538 1572 intermisisse
567 1509 647 1590 W).
711 1506 810 1577 Unde
837 1509 1055 1593 consequitur,
1088 1520 1143 1569 eos

144 1607 268 1674 nullum
296 1609 378 1678 inter
391 1608 533 1692 'singulos
555 1608 622 1674 dies
643 1610 810 1688 discrimen
829 1610 974 1695 (sabbato
999 1610 1145 1692 excepto)

145 1709 286 1787 secisse,
318 1731 424 1794 neque
450 1709 524 1775 solis
556 1713 640 1777 diem
664 1715 774 1779 ceteris
797 1713 990 1796 praetulisse.
1055 1709 1144 1775 Nam

145 1813 206 1877 etsi
218 1810 341 1896 singula
363 1811 497 1878 Lucae
520 1816 617 1880 verba
628 1837 695 1879 non
715 1814 761 1878 ita
777 1815 918 1899 urgenda
930 1826 1022 1890 sunt,
1047 1826 1082 1875 ut
1105 1832 1146 1876 ex

33 2000 37 2006 Ι
145 1915 184 1978 iis
205 1909 400 1979 Christianos
420 1915 473 1979 ad>
487 1914 836 2001 frangendumpanem
854 1938 890 1982 se
910 1915 1050 2000 quotidie
1069 1936 1144 1977 con-

146 2037 289 2113 gregasse
318 2025 413 2101 queat
445 2018 670 2102 demonstrari3
707 2018 768 2102 hoc
795 2015 905 2082 tamen
930 2031 1036 2100 aperte
1063 2017 1144 2080 indi·

119 2128 123 2138 '
147 2131 237 2195 cant,
264 2116 534 2207 frequentissimos
552 2119 648 2185 fuisse
661 2119 721 2185 illo.
736 2135 877 2204 tempore
891 2116 1144 2182 Christianorum

146 2220 499 2306 hierosolymitanorum
513 2235 684 2286 conventus
698 2236 728 2286 et
740 2236 807 2285 tam
819 2233 1022 2305 saepe'actos‚
1045 2243 1144 2305 quam

148 2322 318 2387 commode
337 2321 405 2388 {ieri
429 2325 574 2409 potuerit.
637 2322 709 2386 Huc
729 2324 863 2401 accedit,
890 2323 977 2406 quod
999 2345 1040 2387 ne
1061 2344 1144 2388 unus

148 2423 278 2510 quidem
302 2439 400 2489 exstat
428 2426 532 2502 locus,
569 2445 635 2509 quo
663 2423 778 2487 horum
799 2422 1050 2497 Christianorum
1070 2447 1156 2498 con-4

145 2538 257 2593 ventus
279 2525 329 2590 die
349 2528 425 2591 solis
446 2527 544 2591 habiti
568 2540 864 2613 commemorentur.
927 2525 969 2591 Et
983 2525 1145 2605 Lucas,

149 2631 205 2714 qui
232 2626 350 2691 multus
380 2641 427 2692 est
450 2629 484 2691 in
512 2628 695 2705 enarrandis
723 2630 785 2704 eis,
818 2648 900 2711 quae
922 2629 978 2691 illo
1001 2643 1145 2712 ternpore

81 2776 88 2783 ι
147 2730 374 2824 Hierosolymis
389 2731 429 2794 ab
444 2729 604 2815 Apostolis
619 2743 704 2814 gesta
718 2743 791 2792 sunt
812 2743 842 2793 et
860 2728 927 2793 aliis
942 2730 1092 2793 mandata
1101 2731 1145 2815 †)‚

147 2941 356 2965 m-

182 3081 210 3150 Ὗ)
232 3078 287 3136 Cf..
301 3076 497 3152 Moshemii
522 3079 556 3133 da
570 3081 651 3134 rebus
664 3078 890 3135 Christianorum
911 3090 975 3138 ante
990 3079 1087 3139 Conrt.
1103 3077 1145 3134 Μ.

216 3169 385 3222 Commenta
408 3184 437 3239 p.
460 3168 517 3224 116.
538 3162 574 3223 V.
592 3162 667 3219 infra
682 3165 720 3234 (c,
732 3165 770 3236 3.)
789 3177 880 3239 totum
900 3161 977 3220 hunc
997 3162 1092 3218 locum
1111 3165 1145 3216 in

147 3321 149 3328 y
214 3252 561 3314 nouadhetor.ao,t.
791 3263 793 3267 ’
848 3244 851 3251 ’
935 3252 944 3269 ’”

181 3375 229 3445 *u
248 3371 292 3430 ct.
310 3377 382 3428 ree
400 3378 433 3437 a,
448 3344 494 3433 td

181 3496 249 3566 *ru
263 3494 307 3551 ct.
325 3497 400 3565 ase
416 3498 448 3560 5,
466 3495 510 3554 42.

589 3470 594 3481 “
651 3472 658 3505 t

182 3620 217 3687 †)
233 3615 277 3673 ct.
291 3620 364 3679 Aac
381 3621 427 3680 15,
454 3602 584 3682 19-21,
606 3620 657 3672 ubi
671 3619 789 3675 lacobus
802 3620 833 3672 in
843 3617 1043 3699 alpostolorum
1060 3631 1144 3681 essee

140 3720 144 3725 ·
214 3707 326 3761 niorum
342 3707 446 3778 synodo
458 3705 593 3775 judicasse
610 3701 715 3770 fertur,
729 3702 839 3761 'fideles
860 3699 894 3759 ex
913 3703 1066 3777 gentilibus
1085 3722 1144 3757 non

132 3808 141 3826 r
213 3789 341 3844 molestia
353 3789 530 3855 alliciendos,
542 3793 590 3846 rod
603 3792 788 3856 admonendos
803 3807 911 3847 tautum
924 3793 998 3855 esse,
1009 3805 1043 3845 ut
1055 3788 1144 3844 absti-

215 3893 300 3931 neant
325 3893 341 3929 a
360 3875 575 3931 simulacrorum
592 3873 775 3953 foedptibus
796 3893 842 3935 eto
859 3875 1144 3947 -rimulqueffutio-

107 3981 110 3986 ·
212 3979 279 4018 nem
297 3963 455 4027 addidisse,
485 3981 536 4018 eur
555 3959 652 4022 fideles
671 3972 707 4021 'ox
725 3964 838 4025 ludaeis
861 3961 1143 4048 iri-honoremidoris
