2544 4492
719 70 725 97 l

516 308 596 326 ........
652 275 698 349 14
936 324 940 332 .

175 457 241 520 gur
261 445 390 498 autem
409 438 564 510 eorum,
592 433 659 516 qui
681 433 889 500 credentes
908 433 1112 514 videntur,
1133 454 1176 502 re

175 558 270 601 vera
290 549 419 599 autem
436 553 515 596 non
535 548 645 612 sunt,
672 537 740 620 qui
762 535 822 601 vel
844 558 922 600 non
946 550 1094 619 potest,
1111 538 1175 603 vel

175 660 253 702 non
272 636 358 699 vult
375 634 557 719 quotidie
579 636 649 698 hos
668 628 793 702 festos
815 636 899 702 dies
921 659 1175 723 agere,‚opus

176 741 308 815 habet,
357 751 400 800 ut
435 726 692 802 contineatur
723 739 875 804 talibus
905 739 1173 804 sensibilibus

177 839 540 913 admonitionibus,
567 859 613 903 ne
635 841 796 905 omnino
819 840 1025 904 dilabatur
1046 842 1093 905 ab
1118 841 1174 903 os·

176 943 283 1019 licio.
333 941 437 1018 llaec,
464 955 499 1004 ut
511 941 641 1023 opinor,
668 944 806 1027 cogitans
819 941 957 1020 Paulus,
974 957 1098 1026 partem
1110 942 1174 1006 diei

176 1042 245 1109 festi
262 1043 438 1105 nominavit
456 1041 571 1106 festum
596 1044 682 1106 statis
706 1043 816 1108 diebus
832 1066 1003 1110 recurrens.
1050 1044 1175 1108 indicat

177 1160 285 1210 autem
296 1144 346 1207 bis
356 1146 472 1222 verbis,
490 1142 579 1229 quod
594 1165 659 1206 non
672 1146 705 1207 in
720 1160 807 1229 parte
819 1143 887 1211 festi
899 1145 972 1224 diei,
991 1145 1093 1210 sedin
1104 1165 1174 1228 per·
1211 1190 1216 1201 .

178 1250 273 1333 p'etuo
284 1248 468 1330 integroque
480 1243 557 1308 festo
570 1244 698 1310 aeterna
707 1247 771 1312 rita
782 1247 958 1315 consistat.'’

261 1344 346 1412 Cum
361 1345 638 1438 hisconsentiunt,
671 1369 754 1431 quae
778 1349 1024 1434 Augustinus
1046 1351 1089 1415 ad
1106 1350 1173 1423 Ja-

178 1452 362 1516 nuarium
380 1451 412 1532 *)
438 1449 569 1530 scripsit.
629 1447 715 1514 Nam
733 1452 767 1514 in
793 1451 888 1514 literis
909 1451 951 1515 ad
976 1450 1060 1514 hunc
1080 1452 1175 1530 datis,

179 1555 311 1634 „Primo
322 1548 462 1634 itaque,'¹
482 1551 604 1634 inquit,
624 1565 749 1628 „tenere
763 1566 795 1617 te
806 1553 899 1631 volo,
921 1554 1008 1638 quod
1022 1566 1068 1618 est
1078 1549 1173 1635 hujus

179 1653 398 1738 disputationis
424 1665 534 1735 eaput,
570 1649 749 1716 Dominum
774 1669 917 1718 nostrum
944 1655 1056 1747 desum
1082 1653 1173 1721 Chri·

101 1790 104 1796 ·
179 1773 281 1833 stum,
300 1756 459 1839 sicutipse
470 1756 505 1816 in
517 1751 691 1837 Evangelio
704 1753 858 1838 loquitur,
878 1757 939 1821 levi
951 1759 1026 1843 jugo
1038 1778 1097 1825 suo
1111 1777 1173 1819 nos

180 1850 353 1924 subdidisse
376 1869 407 1920 et
426 1856 567 1919 sarcinae
587 1852 665 1920 levi:
713 1856 798 1921 unde
815 1863 1017 1924 sacramentis
1037 1879 1184 1922 numero.

179 1960 393 2048 paucissimis,
421 1955 637 2021 observatione
649 1955 819 2038 facillimis,
845 1961 1071 2043 significatione
1083 1981 1173 2042 prae·

179 2061 395 2135 amarissimis,
418 2063 600 2125 societatem
613 2061 688 2121 novi
701 2061 808 2144 populi
822 2062 995 2147 colligavit3
1025 2062 1114 2126 sicuti
1126 2074 1174 2125 est

134 2169 136 2172 ⁴
158 2239 161 2246 ¹
179 2164 354 2247 baptismus
378 2159 539 2226 Trinitatis
560 2165 690 2227 nomine
711 2177 924 2241 consecratus,
957 2163 1173 2228 communica-

180 2269 225 2331 tio
240 2263 419 2347 corporiset
429 2266 589 2348 sanguinis
601 2266 709 2349 ipsius,
727 2265 795 2327 etsi
809 2265 885 2349 qnid
898 2265 984 2329 aliud
996 2270 1030 2328 in
1043 2266 1170 2348 seriptu-

180 2370 223 2433 ris
246 2364 404 2430 canonicis
427 2365 682 2442 commendatur,
709 2367 843 2447 exceptis
857 2367 913 2444 iis,
943 2388 1025 2451 quae
1044 2365 1173 2430 servitu·

32 2450 35 2459 l
124 2554 128 2559 ᾖ
148 2554 151 2573 Ι
180 2486 246 2537 tem
260 2466 371 2552 populi
384 2469 494 2539 veteris
509 2489 566 2551 pro
580 2467 781 2550 congruentia
794 2467 896 2539 cordis
909 2468 1082 2549 illorum'et
1096 2468 1172 2530 Pro·

180 2572 294 2658 phetici
309 2571 477 2652 temporis,
505 2567 694 2644 onerabant,
717 2589 800 2651 quae
819 2581 851 2632 et
868 2569 903 2631 in
924 2571 1066 2653 quinque
1085 2569 1172 2645 libris

180 2675 292 2760 Moysi·
302 2675 454 2756 leguntur.
503 2669 564 2751 llla
577 2682 699 2745 autem,
721 2690 803 2752 quae
817 2691 881 2733 non
894 2674 1026 2756 scripta,
1045 2672 1100 2734 sed
1112 2685 1174 2733 tra·

181 2779 245 2843 dita
258 2775 467 2849 custodimus,
495 2792 578 2855 quae
591 2770 720 2853 quidem
733 2786 798 2834 toto
814 2786 966 2841 terrarum
982 2773 1057 2836 orbe
1069 2773 1174 2836 obser·

180 2894 312 2954 vantur,
339 2877 453 2940 dantur
472 2873 616 2957 intelligi,
645 2870 693 2935 vel
705 2873 745 2935 ab
758 2873 833 2957 ipsis
845 2872 1020 2958 Apostolis‚
1046 2875 1093 2939 vel
1110 2875 1172 2958 ple·

90 3037 100 3058 ,
180 2983 276 3046 nariis
290 2978 445 3053 conciliis,
474 2996 611 3060 quorum
624 2988 670 3037 est
681 2975 713 3035 in
728 2972 867 3038 Ecclesia
879 2976 1085 3040 saluberrima
1099 2996 1173 3038 auc·

171 3086 306 3158 toritas,
331 3078 554 3144 commendata
574 3090 669 3159 atque
682 3091 796 3151 statuta
811 3080 952 3155 retineri,
980 3080 1070 3171 sicuti
1084 3076 1173 3162 quod

180 3185 313 3250 Domini
332 3183 435 3264 passio
456 3194 487 3245 et
507 3179 691 3243 resurrectio
710 3192 741 3241 et
761 3180 903 3243 ascensio
923 3181 957 3242 in
977 3162 1117 3257 coelum,
1141 3192 1174 3243 et

168 3287 334 3352 adventus
353 3283 392 3347 de
411 3282 499 3346 coelo
513 3272 647 3365 spiritis
659 3279 775 3356 sancti,
801 3282 1012 3346 anniversaria
1026 3281 1173 3345 sollenni-

144 3422 149 3441 ι
180 3402 246 3454 tate
258 3385 471 3458 celebrantur,
493 3383 561 3446 etsi
576 3382 651 3464 quid
666 3379 751 3444 aliud
764 3381 824 3446 tale
837 3386 986 3461 occurrit,
1016 3382 1103 3466 quod
1119 3382 1173 3444 ob-

181 3503 322 3558 servatur
339 3488 379 3550 ab
394 3486 554 3561 universa,
579 3504 770 3566 quacunque
783 3502 817 3548 se
832 3481 995 3564 diffundit,
1021 3483 1175 3549 Ecclesia.

181 3589 255 3654 Alia
272 3610 364 3666 vero,
393 3608 474 3672 quae
495 3609 552 3669 per
569 3585 638 3682 loca
656 3599 809 3650 terrarum
828 3587 1033 3670 regionesque
1050 3585 1174 3648 varian-

182 3705 249 3771 tur,
269 3691 359 3755 sicuti
372 3687 544 3772 est,.',quod
557 3687 609 3752 alii
619 3688 761 3772 jejunant
772 3688 919 3766 sabbato,
936 3689 989 3754 alii
1003 3707 1077 3755 vero
1090 3706 1175 3771 non3

182 3844 391 3861 m-

217 3927 246 3998 *)
264 3923 309 3997 ci.
330 3909 363 3980 ¹S.
381 3925 499 3980 Aurel.
519 3898 719 4000 Augusdllli
737 3926 939 4000 Epistulae.
986 3926 1038 3981 tid.
1054 3922 1175 3979 Lucae

250 4015 384 4069 Frider.
402 4011 603 4070 Reinharti.
637 4011 1106 4089 Assd.1668·ep·118·p.5t&79·
