2544 4492
632 261 679 363 u
730 298 740 337 ·.
741 297 810 315 ·······

154 433 209 500 alii
222 430 363 518 quotidie
382 427 619 496 communicant
630 424 754 512 corpori
766 439 796 493 et
807 424 952 511 sanguini
964 424 1156 522 Dominicum
1208 460 1211 465 ·

155 537 211 601 alii
222 536 311 600 certis
325 532 435 596 diebus
447 531 620 615 accipiunt3
640 528 716 619 alibi
732 528 835 594 nullus
847 529 913 593 dies
924 530 1150 606 intermittitur,

126 720 129 727 Ι
156 662 222 723 quo
244 660 310 701 non
330 633 494 710 offeratur,
527 631 602 694 alibi
621 631 752 694 sabbato
772 645 895 695 tantum
915 646 945 696 et
965 629 1150 710 Dominieo,

155 741 232 804 alibi
250 751 371 802 tautum
391 733 579 818 Dominic0,
607 747 636 797 et
655 732 773 817 siquid
792 733 877 796 aliud
890 733 1070 816 hujusmodi
1083 735 1148 799 ani·

155 841 310 907 madverti
324 851 441 922 potest,
469 849 593 899 totum
613 834 685 897 boc
707 856 829 918 genus
847 857 976 899 rerum
1000 835 1147 900 liberas

120 936 122 941 ’
156 939 275 1019 habet
297 939 627 1016 observationes,
660 958 731 1001 nec
750 937 966 1022 disciplina
987 937 1066 1003 ulla
1090 950 1150 1002 est

157 1048 199 1108 in
218 1045 277 1107 his
298 1042 439 1109 melior
464 1041 576 1125 gravi
598 1039 871 1123 prudentique
893 1035 1149 1119 Christiano,

121 1202 125 1209 .
157 1168 276 1231 quam
298 1157 338 1206 ut
356 1164 400 1207 eo
424 1141 539 1205 modo
559 1156 665 1225 agat,
683 1163 759 1227 quo
782 1162 896 1225 agere
916 1140 1071 1218 viderit
1088 1163 1148 1205 ec·

158 1246 344 1322 clesiam,
382 1245 429 1308 ad
464 1265 739 1328 quamcunque
769 1241 874 1308 forte
911 1240 1149 1307 devenerit?
1246 1254 1251 1265 '

159 1348 360 1433 Quibuscum
374 1345 532 1422 conseras,
553 1367 634 1429 quae
647 1345 721 1410 alibi
733 1344 818 1430 apud
832 1342 981 1408 eumdem
993 1358 1128 1410 exstant:

183 1470 190 1475 ·
244 1451 312 1528 „llli
328 1451 360 1531 *)
375 1448 518 1530 (Judaei)
532 1449 617 1510 enim
629 1458 667 1510 ea
677 1449 826 1512 serviliter
839 1447 1063 1526 observaBant‚
1082 1470 1150 1511 uon

157 1553 361 1634 intelligentes
383 1551 423 1616 ad
446 1571 580 1634 quarum
601 1572 706 1613 rerum
725 1548 984 1633 significationem
1002 1567 1032 1615 et
1062 1573 1150 1636 prae·

158 1657 390 1719 nuntiationem
410 1653 607 1735 pertinerent.
653 1650 726 1715 Huc
743 1654 829 1717 enim
842 1655 886 1716 eis
899 1653 1004 1736 culpat
1011 1653 1150 1743 ¹Aposto-

159 1759 228 1834 lus,
250 1771 281 1820 et
293 1759 326 1819 in
343 1756 507 1830 omnihus,
531 1756 587 1837 qui
603 1755 740 1817 serviunt
762 1769 919 1817 creaturae
931 1756 1035 1838 potius
1050 1777 1150 1838 quam
1210 1788 1213 1801 ·

160 1861 302 1924 creatori.
330 1858 425 1923 Nam
448 1879 517 1920 nos
536 1876 697 1940 quoque
715 1870 753 1919 et
772 1854 1024 1920 Dominicum
1043 1857 1149 1922 diem

160 1978 198 2026 et
215 1961 365 2044 pascha
385 1959 608 2023 solenniter
627 1959 874 2023 celebramus
891 1972 929 2021 et
950 1958 1151 2043 quaslibet

160 2064 259 2128 alias
291 2061 542 2127 Christianas
571 2061 729 2125 dierum
751 2060 1010 2127 festivitates.
1068 2060 1152 2126 Sed

162 2168 260 2249 quia
276 2164 559 2247 intelligimus,
589 2184 664 2245 quo
683 2163 930 2245 pertineant,
955 2184 1032 2225 non
1053 2176 1151 2231 tem·

159 2289 258 2352 pora
280 2268 562 2343 observamus,
587 2263 657 2329 sed
683 2284 782 2347 quae
801 2263 885 2328 illis
910 2256 1152 2348 signiticanss

160 2383 227 2431 tur
247 2366 520 2461 temporibus.”
741 2454 745 2465 Ι
944 2440 947 2446 A

246 2470 284 2532 ln
306 2467 596 2553 eundemgnodum
617 2469 656 2533 de
677 2468 724 2532 his
737 2468 829 2532 rebus
851 2469 988 2552 disputat
1013 2468 1152 2533 Hiero·

159 2594 301 2657 nymus
319 2573 380 2655 **).
428 2568 492 2648 „Et
504 2569 579 2648 ne,”
597 2574 657 2648 ait,
674 2571 871 2650 „inordinata
884 2575 1081 2656 congregatio
1095 2595 1152 2657 po-

160 2672 229 2756 puli
248 2671 342 2734 fidem
362 2675 516 2759 minueret
541 2677 575 2735 in
598 2671 738 2750 Christo,
770 2689 934 2757 propterea
959 2674 1024 2740 dies
1052 2675 1153 2759 aliqui
1191 2715 1197 2730 ι
1239 2656 1243 2664 ¹

162 2776 320 2837 constituti
345 2765 457 2853 sunt(¹
470 2791 504 2839 ut
523 2778 557 2839 in
577 2799 678 2842 unum
700 2796 810 2838 ornnes
831 2777 945 2857 pariter
964 2778 1153 2843 veniremus.

160 2874 237 2960 Non
259 2897 323 2957 quo
345 2878 495 2942 celebrior
514 2880 553 2943 sit
575 2879 640 2942 dies
653 2878 727 2954 illa,
755 2898 819 2961 qua
835 2879 1054 2945 convenimus:
1096 2880 1153 2945 sed

163 2999 228 3061 quo
245 2999 434 3063 quacunque
448 2981 498 3044 die
513 2979 764 3042 conveniendum
776 2981 831 3056 sit,
853 2999 890 3042 ex
903 2996 1071 3065 conspectu
1083 3004 1153 3045 mu·
1233 3003 1237 3009 ·

161 3091 234 3154 tuo,
262 3077 377 3143 laetitia
397 3081 499 3162 major
514 3081 639 3148 oriatur.
688 3079 756 3162 Qui
776 3101 851 3144 vero
873 3085 1036 3163 oppositae
1056 3104 1152 3166 quae·

161 3181 258 3243 stioni
286 3182 458 3244 accuratius
488 3181 677 3264 respondere
704 3197 850 3260 conatur,
891 3182 970 3246 illud
1003 3183 1153 3252 affirmat:

162 3302 325 3344 omnes
357 3283 459 3347 dies
497 3284 863 3367 aequalesesse‚
896 3306 967 3349 nec
995 3308 1066 3370 per
1086 3308 1153 3370 pa·

161 3403 358 3446 rasceucn
391 3398 547 3449 tantum
578 3382 783 3449 Christum
812 3386 997 3471 cruciligi
1024 3401 1063 3451 et
1090 3388 1155 3456 die

162 3483 372 3550 dominica
398 3506 622 3572 resurgere:
670 3487 1162 3572 sedsempereumcaruevesei

196 3724 223 3793 *)
245 3723 288 3779 cf.
305 3726 450 3798 August.
475 3745 539 3802 opp.
557 3724 642 3790 Batil.
663 3730 740 3791 1529.
756 3730 785 3784 Ρ.
798 3726 844 3786 Vl.
862 3726 944 3785 OEnt·
961 3727 1150 3785 Adiatunn-

231 3824 312 3864 tum.
329 3831 354 3866 c.
375 3819 415 3881 lti-
433 3831 460 3885 p·
476 3819 536 3873 186.

195 3929 241 3996 ”l
261 3928 304 3984 cf.
322 3931 350 3989 S.
369 3890 719 4007 Euseuffleronylni
736 3920 1166 4012 oppectunttsrtinats

191 4051 195 4058 .
228 4017 324 4077 Perias.
341 4025 420 4082 1706.
444 4023 474 4085 Ρ.
492 4019 538 4082 lV.
556 4022 712 4082 Commeat.
729 4027 760 4081 in
779 4025 895 4082 Galat.
914 4027 1020 4098 cte·
1034 4030 1149 4084 ²7⁰·st
1241 4102 1247 4124 ,

1251 3900 1264 3933 d
