2536 4492
559 296 643 320 ἰιιιιιιι
694 262 744 344 48
796 295 877 338 coneda·

222 431 403 522 brendam,
409 454 479 509 tam
497 438 657 527 singulare
669 450 700 508 et
719 436 917 569 ιιοιιιιιιὶιιιι
908 431 1155 507 'vetustissimae
1166 458 1217 508 ao·

223 544 336 615 clesiae
356 569 416 610 usu
435 545 583 609 recedens
605 536 840 622 aestimamus,
858 558 894 608 ut
912 544 1135 623 dubitemus,
1136 547 1217 631 quin

48 622 51 639 Ι
78 680 81 699 ι
133 688 137 693 -
218 626 382 717 irenaei
407 643 549 731 tempore
567 646 656 709 mulli
671 646 858 733 obsequium
872 668 901 712 er
892 647 1063 712 dederint
1068 645 1216 713 Christia-

222 752 268 818 ni.
315 750 365 813 Er
384 749 484 812 verbis
508 762 615 813 tamen
628 748 867 835 Augustini,
894 748 1215 836 capitesecuudo(ct'.

133 898 136 903 -
222 844 256 943 ιι.
286 853 340 936 15)
366 851 493 917 anobis
512 839 629 933 allatis,
663 852 823 932 videmus,
849 874 906 917 sua
925 852 1020 917 etiam
1039 862 1218 938 aetateper

222 954 395 1041 ¹nonnullas
409 953 550 1036 regiones
563 976 657 1018 usum
670 977 777 1030 sacrae
788 975 907 1023 coenae
922 954 1126 1055 ἀοιιιίιιιιρ
1148 969 1217 1020 tan·

205 1062 208 1067 ’
223 1074 295 1127 tum
309 1058 360 1135 die
374 1052 576 1119 celebrandae
589 1055 768 1123 invaluisse.
859 1130 862 1135 ,

310 1220 476 1329 Cetei-hm
473 1237 566 1325 quod
579 1238 628 1303 ad
633 1215 884 1333 observationem
916 1240 996 1308 diei
1024 1242 1216 1315 dominice

220 1346 373 1435 pertinet,
399 1324 477 1408 illud
493 1364 558 1407 non
571 1324 858 1428 praetereundum
849 1352 917 1442 est,
938 1324 1051 1463 (ἰιιοιιζΙ
1059 1336 1106 1445 uti
1118 1358 1157 1411 ex
1168 1334 1215 1409 lo·

224 1452 268 1514 cis
283 1468 377 1531 supra
389 1445 490 1510 allatis
508 1445 661 1525 vidimus,
684 1434 856 1513 Christiani
876 1449 935 1511 hoc
947 1434 1021 1535 die
1010 1434 1043 1510 ιιι
1056 1436 1214 1512 concioni·

186 1534 207 1605 ¹-
222 1551 282 1625 bus
294 1550 390 1613 sacris
404 1570 506 1635 genua
521 1570 585 1611 non
597 1548 776 1625 flectebant,
797 1571 856 1614 nec
868 1530 1064 1647 jejunabant,
1084 1552 1141 1615 sed
1153 1551 1215 1616 lae

222 1657 308 1720 titiae
319 1651 531 1735 indulgebant.
570 1650 613 1715 At
622 1651 774 1736 jejunium
786 1650 908 1717 sabbati
919 1673 1047 1738 quoque
1058 1651 1109 1717 die
1122 1652 1215 1718 inter·

139 1826 141 1831 ,
223 1756 388 1822 mittebant
400 1752 527 1837 plurimi
540 1753 585 1834 *).
762 1758 765 1763 “

309 1934 525 2023 Quodautem
547 1934 648 2001 diem
675 1935 960 2003 dominicum
986 1938 1026 2004 in
1051 1940 1214 2005 l'aetitia

217 2044 353 2128 ¹'egisse
379 2046 497 2121 veteres
517 2034 685 2102 Christiani
705 2027 864 2118 dicuntur,
892 2040 953 2104 hoc
970 2062 1036 2105 non
1048 2042 1214 2107 itaintelli·

218 2144 360 2232 'gendum
373 2156 435 2219 est,
456 2162 494 2205 ac
507 2141 533 2204 si
544 2160 667 2203 morem
679 2138 875 2205 Judaeorum
888 2143 921 2205 in
936 2143 1068 2206 colendo
1082 2144 1215 2237 sabbato

218 2250 285 2312 sint
301 2245 432 2319 imitati,
460 2257 491 2306 et
512 2244 544 2304 in
560 2243 623 2303 otio
631 2241 677 2305 ab
690 2243 778 2305 omni
790 2244 944 2309 cessantes
956 2245 1079 2310 labore
1075 2232 1149 2310 eum
1162 2245 1213 2310 de·

217 2350 331 2434 gerim.
386 2344 517 2409 Nullum
540 2345 624 2407 enim
644 2345 816 2426 reperimus
834 2347 919 2430 apud
939 2349 1102 2433 scriptores
1129 2349 1213 2431 prio·

106 2454 111 2463 ’
221 2471 294 2514 rum
316 2447 512 2510 saeculorum
531 2445 752 2508 ecclesiasticos
774 2445 899 2526 iocum,
931 2470 995 2533 quo
1016 2424 1214 2533 de'hu'iusce·

169 2558 174 2569 '
221 2550 311 2617 modi
331 2549 393 2621 diei
412 2548 562 2612 dominici
581 2545 664 2608 cultu
683 2544 880 2611 edoceamur.
931 2551 1000 2613 Et'
987 2575 1059 2653 ιιιιι
1062 2552 1214 2657 doctriua

223 2655 263 2748 de
289 2638 429 2716 libeitate
449 2647 732 2714 Christianorum
723 2670 766 2725 m
768 2616 923 2739 omnibus
942 2642 1044 2721 rebus
1057 2626 1111 2715 ad
1117 2668 1215 2759 enter-

222 2740 301 2817 num
314 2753 375 2815 Dei
388 2736 505 2815 cultum
520 2740 778 2835 pertinentibus,
788 2750 870 2815 etde
883 2740 1001 2816 abolita
1014 2752 1037 2815 J
1039 2734 1214 2820 udaeorum

221 2856 289 2947 lege
304 2852 527 2929 caerimoniali,
528 2874 656 2949 quam
653 2853 716 2919 ab
707 2855 781 2936 rpsis
795 2853 952 2949 Apostolis
964 2870 1125 2939 acceptam
1139 2844 1213 2921 con·

167 3034 175 3049 ἱ
222 2973 270 3022 tra
287 2936 427 3023 Ju'daeos
454 2976 619 3038 nunquam
648 2977 714 3018 ιιοιι
747 2944 969 3032 defendebant,
1005 2952 1215 3037 Christianos,

157 3052 179 3133 ιι
214 3082 288 3145 -ιιιιο
302 3060 407 3122 minus
419 3056 544 3140 judaico
557 3079 646 3124 more
658 3056 743 3121 diem
756 3072 885 3153 agerent-
896 3058 1123 3136 dominicum,
1113 3083 1213 3145 smpe-

222 3163 308 3224 divit.
358 3158 510 3241 Alioquin
530 3161 615 3223 enim
635 3160 695 3224 hac
712 3160 852 3224 libertate
870 3180 937 3221 ιιοιι
956 3160 1004 3221 usi
1025 3175 1128 3224 essent
1148 3177 1178 3227 et
1191 3185 1213 3228 a

159 3325 163 3335 ,
220 3262 352 3328 Judaeis
366 3268 406 3324 eo'
421 3266 544 3324 tantum
559 3262 777 3346 distinguendi·
780 3259 927 3339 fuissent,
948 3259 1034 3344 quod
1048 3260 1211 3327 dominico

127 3442 132 3454 Ι
221 3364 273 3428 die
293 3354 498 3451 obsecrabant
517 3361 599 3449 leges
616 3361 665 3426 vel
688 3361 815 3445 easdem
834 3361 885 3427 ‘vel
896 3362 1034 3440 similes,
1058 3360 1146 3451 'quas
1165 3364 1212 3444 illi

221 3465 388 3533 sabbatum
416 3464 560 3531 colentes.
620 3464 705 3532 Nou·
720 3458 952 3530 intermiserunt
977 3466 1069 3551 igitur
1090 3480 1210 3533 veteres

257 3761 290 3832 ³¹¹)
311 3759 342 3814 ln
367 3774 426 3815 tota
442 3758 759 3817 eeclesia-orientali
783 3761 876 3817 adhue
890 3765 1008 3818 sabbato
1027 3779 1085 3816 ιιοιι
1103 3762 1210 3832 jejuna·

291 3861 350 3910 tur,
374 3848 405 3899 in
428 3847 615 3903 occidente
635 3866 698 3902 vero
719 3847 855 3922 plurimae
876 3847 1022 3913 ecclesiae,
1046 3849 1208 3923 exemplum

290 3949 418 3986 romanae
430 3948 589 4000 sequentes,
615 3936 708 3987 iudea
720 3933 830 3988 saeculo
839 3937 927 3989 vtertio
939 3948 1056 3992 σκοιιιιιο
1069 3933 1116 3990 vel
1128 3951 1209 4007 quer·

290 4031 320 4072 to
340 4019 453 4074 ineunte
473 4023 585 4076 sabbato
599 4020 891 4091 quoque-jejunabant.
