2536 4492
228 1023 595 1129 (praestruimus
624 1047 720 1102 oras
750 1042 919 1117 seinana
951 1051 994 1100 ru
1021 1055 1131 1111 meu
1159 1058 1222 1104 so·

396 1127 785 1222 '‚‚'1.1s‘‚rna1tssarus
814 1158 877 1206 s1r
910 1136 950 1222 )?
971 1173 1012 1195 -·
1143 1218 1146 1225 ι
1188 1184 1218 1201 .-

312 1342 476 1431 Quonia'u'i
490 1348 601 1411 e'o'rum
614 1326 785 1425 sententia,
821 1348 877 1432 qui
902 1344 1092 1410 sabbati
1120 1344 1220 1411 cele·

226 1449 452 1516 brationem
478 1448 551 1513 inde
570 1471 590 1514 a
613 1449 793 1534 primordiis
812 1450 916 1513 rerum
931 1447 1171 1512 christianarum
1185 1447 1221 1511 in

227 1538 336 1616 diem'
351 1549 449 1614 solis
471 1551 657 1616 translatum
671 1571 738 1633 esse
752 1565 898 1628 censent,
923 1551 987 1635 jam
1000 1552 1220 1636 capiteprimo

229 1651 282 1739 (cl.
292 1673 326 1736 p.
339 1655 384 1733 3)
404 1673 424 1715 a
444 1653 553 1731 nobis,
585 1654 659 1719 data
681 1654 862 1729 occasione,
879 1667 1149 1739 ,commemorata
1163 1665 1221 1728 est,

229 1742 360 1840 quidde
373 1774 456 1823 aare
469 1755 667 1822 sentiendum
681 1756 737 1831 sit,
764 1754 871 1839 paucis
883 1774 1058 1839 exponere,
1087 1753 1230 1840 aconsiq

228 1854 264 1920 lii
283 1855 381 1918 nostri
400 1856 520 1921 ratione
539 1878 603 1920 non
623 1858 763 1925 alienum
774 1858 897 1922 videtur
911 1876 988 1920 esse.
1036 1854 1221 1939 Quominus

228 1971 337 2023 autem
348 1952 410 2021 illis
424 1958 647 2038 assentiamur,
667 1963 717 2026 vel
733 1982 769 2026 ea
784 1958 973 2043 impediunt,
992 1979 1074 2041 quae
1088 1958 1121 2019 in
1135 1970 1222 2021 ante·

230 2050 411 2124 cedentibus
434 2057 473 2122 de
499 2060 560 2125 die
587 2062 789 2127 dominico
815 2062 969 2145 disputata
992 2073 1075 2123 sunt.
1124 2056 1221 2122 Nulla

140 2238 143 2244 Ι
227 2160 344 2227 scilicet
355 2161 496 2224 inveniri
513 2158 614 2245 potest
626 2185 735 2241 causa,
761 2186 817 2227 cur
825 2160 986 2246 Apostoli,
1014 2183 1095 2245 quos
1114 2180 1222 2243 neque

33 2249 35 2256 ¹
229 2261 436 2327 caerimonias
458 2277 556 2326 certas
576 2278 613 2327 et·
625 2264 836 2328 immutabiles
854 2261 975 2327 tradere
993 2283 1051 2325 uec
1071 2261 1138 2325 dies
1159 2261 1222 2325 cul·

227 2365 275 2429 tui
303 2362 410 2427 divino
435 2362 553 2427 dicatos
571 2367 796 2448 praescribere,
827 2364 882 2429 sed
901 2364 1009 2427 omnia
1021 2363 1099 2439 haec
1115 2362 1158 2428 ad
1178 2360 1222 2447 ip·

229 2469 292 2532 sius
304 2464 420 2531 Christi
431 2465 608 2550 exemplum
622 2482 818 2552 posterorum
832 2466 964 2530 libertati
979 2464 1157 2555 relinquere
1169 2487 1222 2526 vo-

229 2569 324 2633 luisse
338 2574 475 2657 cpitstat,
498 2567 617 2632 cultum
632 2567 937 2651 celebrationemque
951 2566 1073 2630 sabbati
1085 2569 1117 2633 i'n
1133 2566 1222 2633 diem

128 2697 130 2701 ·
228 2670 305 2733 solis
314 2660 535 2733 transtulerint.
570 2669 685 2753 Neque
697 2690 734 2734 ex
748 2670 894 2732 omnibus
906 2671 980 2731 novi
991 2670 1171 2732 testamenti
1188 2668 1223 2733 li·

126 2816 130 2822 -
228 2771 292 2834 bris
303 2770 402 2832 ullum
409 2766 511 2834 afferri
519 2784 620 2855 potest
632 2770 775 2854 hujusrei
786 2773 1016 2856 testimonium3
1031 2772 1222 2854 quinpotius

226 2871 336 2935 multis
358 2893 376 2934 e
396 2871 472 2934 locis
491 2872 682 2941 contrarium
702 2873 823 2936 videtur
841 2895 1000 2958 apparere.
1054 2872 1186 2939 Etenim
1205 2895 1223 2939 e

229 2972 438 3057 quibusdam,
479 2995 561 3058 quae
581 2975 614 3036 in
641 2973 753 3043 Actis
778 2974 1060 3059 Apostolorum
1087 2962 1223 3053 exstant,

154 3068 172 3091 ⁵
227 3075 458 3138 narrationibus
478 3075 592 3151 elucet,
618 3074 723 3140 fideles
743 3099 779 3140 ex
795 3077 925 3142 Judaeis
939 3100 1087 3141 unacum
1101 3079 1223 3162 gentili·

226 3176 304 3252 bus,
331 3177 385 3259 qui
399 3172 523 3240 Christo
540 3170 658 3240 nonlen
679 3175 843 3256 dederant,
873 3192 1023 3245 consueto
1042 3201 1134 3246 more
1150 3182 1221 3247 sab·

226 3277 336 3340 batum
361 3272 548 3354 celebrasse,
589 3270 708 3363 eosque
732 3279 812 3342 hauc
836 3281 938 3364 ipsam
963 3280 1158 3346 obrcausam
1181 3285 1222 3348 ab

226 3377 387 3462 Apostolis
401 3378 486 3442 haud
499 3401 567 3444 esse
579 3382 768 3465 vituperatos
781 3381 842 3463 ²³¹⁴).
883 3376 1000 3447 Paulus
1013 3385 1081 3468 ipse
1095 3388 1221 3451 concio·

229 3550 432 3568 *—

144 3680 148 3687 ·
260 3668 288 3736 ⁴)
307 3665 350 3726 cf,
369 3669 403 3725 J,
424 3670 463 3729 Η,
488 3663 706 3743 Boelrmerus
730 3668 751 3724 l.
772 3670 792 3731 l.
817 3671 977 3728 Dissert.
1002 3673 1022 3728 1.
1042 3671 1221 3749 §.lup-25·

292 3770 368 3824 seqq,
379 3766 417 3823 ss
428 3754 451 3825 t.
463 3744 547 3813 ⁷-o
562 3771 589 3826 p.
605 3761 646 3814 11·
659 3770 735 3824 seua·

277 3876 340 3973 jae)
359 3886 403 3943 cs.
427 3890 501 3944 aar.
530 3896 579 3956 15,
604 3897 737 3954 19-21‚
762 3905 791 3948 es
817 3866 887 3964 Ψ·
905 3890 1016 3950 ΜΝ
1038 3892 1104 3951 ¹⁰⁰⁰
1122 3896 1222 3970 Ψ
1258 3910 1260 3973 l

288 3994 317 4050 p.
330 3981 357 4035 ⁸.
372 3974 550 4048 9tleguntur.
