2536 4492
495 325 555 342 ......
558 310 576 342 2.
627 288 681 373 55

153 449 287 519 tentiam
300 445 397 533 paulo
410 459 482 533 post
495 445 628 532 explicat
638 390 770 531 inhonc
782 450 933 537 modnms
967 449 1154 538 :„Sequitur

153 553 280 635 itaque.
301 563 336 612 ut
350 551 763 635 quatenuscircumcisiouis
782 553 932 635 earnalis,
967 569 1000 625 et
1012 554 1087 642 legis
1100 579 1156 639 up..
1262 589 1265 595 ν

152 651 367 719 teris-abolitio
380 667 534 737 expuncta
547 654 611 719 suis
625 655 819 739 temporibus
830 654 1078 737 demonstratur,
1104 655 1151 735 ila
1197 650 1261 777 ᾖ

96 778 118 807 -·
150 755 274 821 sabbati
300 775 429 840 quoque
449 753 630 837 observatio¹
644 756 825 841 tempor&
840 756 937 833 luisse
957 759 1148 839 demonem.

96 848 99 853 ¹
148 873 210 927 tur.
257 857 376 920 Dicunt
389 857 475 919 enim
490 856 631 936 Judaei,·
651 860 738 943 quod
757 848 963 947 a‘primordio
975 861 1147 927 sanctifica·

149 961 226 1025 verit
238 958 326 1022 Deus
339 957 424 1022 diem
436 959 622 1043 septimum,
652 961 878 1045 requiescendo
892 964 925 1025 in
939 985 977 1037 eo
990 963 1031 1028 ab
1045 965 1146 1028 omni·

148 1062 208 1135 bus
223 1060 369 1145 operibus
382 1061 458 1137 suis,
474 1081 556 1142 quae
568 1059 650 1138 lecit,
670 1076 701 1127 et
711 1063 786 1128 inde
798 1064 894 1127 etiam
902 1062 1038 1154 Moysen
1051 1065 1145 1141 dixis·
1221 1088 1223 1092 ·

146 1186 182 1229 se
195 1163 236 1227 ad
248 1163 421 1247 populum:
470 1159 667 1227 Mementote
679 1163 765 1229 diem
778 1154 1001 1255 sabbatorum,
1028 1170 1141 1243 sancti·

146 1265 241 1331 ficare
254 1254 346 1331 eumt'
379 1285 475 1329 omne
488 1286 567 1348 opus
579 1265 687 1330 servile
699 1287 765 1329 nou
777 1263 994 1335 iacietisin'eo
1003 1283 1144 1355 praeter·¹
1244 1273 1247 1277 ’

147 1389 245 1452 quam
274 1366 359 1463 quod
381 1366 422 1430 ad
442 1368 583 1457 animam
605 1358 748 1452 pertinet.
803 1367 900 1439 Unde
919 1391 978 1447 nos
999 1370 1140 1456 intelligi·
1248 1453 1258 1462 Ἴ

144 1492 217 1533 mus
236 1471 353 1554 magis,
381 1468 574 1532 sabbatizare
596 1490 653 1533 nos
670 1469 710 1532 ab
729 1471 817 1532 omni
831 1492 926 1555 opere
940 1471 1046 1537 servili
1058 1494 1139 1536 sem·

143 1595 201 1661 per
212 1571 343 1649 debere,
370 1584 401 1635 et
414 1592 478 1634 non
492 1586 616 1637 tantum
630 1571 764 1655 septimo
778 1593 907 1657 quoque
921 1574 989 1651 die,
1013 1572 1070 1639 sed
1083 1594 1141 1658 per
1171 1552 1175 1563 ¹

143 1696 240 1738 omne
260 1687 396 1759 tempus.
451 1670 499 1736 Ac
517 1693 574 1756 per
592 1673 653 1736 hoc
673 1673 890 1758 quaerendum
909 1675 1021 1753 nobis,
1049 1675 1139 1758 quod
1230 1675 1233 1689 ¹

141 1777 309 1843 sabbatum
336 1795 395 1838 nos
416 1772 504 1838 Deus
524 1772 624 1867 vellet
632 1772 811 1843 custodire?
862 1774 949 1843 Nam
968 1773 1138 1843 sabbatum

141 1893 321 1953 aeternum,
349 1888 379 1940 et
396 1875 562 1939 sabbatum
584 1876 759 1962 temporale
778 1877 949 1969 scripturae
963 1874 1137 1967 designant.

139 1978 226 2044 Dicit
243 1980 329 2044 enim
340 1975 452 2041 Esaias
464 1974 643 2060 Propheta:'
668 1975 823 2041 ‘Sabbata
836 1972 936 2043 ve's'tra
949 1966 1141 2045 odit'antma'
1208 2028 1214 2038 .

137 2102 227 2166 mea;
248 2079 353 2145 etalio
368 2078 438 2144 loco
451 2077 540 2144 dicit:
582 2077 722 2145 Sabbata
737 2099 808 2143 mea
820 2077 1017 2162 profanastis.
1066 2079 1138 2157 Uni

138 2183 179 2247 de
198 2181 410 2267 dignoscimus
430 2180 596 2243 sabbatum
609 2180 783 2263 temporale
796 2201 864 2246 esse
876 2179 1073 2267 humanum,
1102 2196 1134 2248 et

137 2285 304 2349 sabbatum
318 2296 481 2353 aeternum
493 2282 613 2345 censeri
624 2279 784 2358 divinum,
804 2281 844 2346 de
857 2304 921 2366 quo
933 2303 990 2367 per
1000 2276 1139 2355 Esaiam
1209 2317 1212 2322 ·

135 2386 311 2472 praedicat:
358 2383 400 2447 Et
412 2384 486 2459 erit,
502 2383 626 2469 inquit,
644 2384 761 2447 mensis
774 2398 812 2449 e'x
824 2404 950 2461 mense,
970 2399 1001 2448 et
1013 2381 1080 2450 dies
1092 2386 1133 2451 de

136 2490 205 2568 die,
224 2502 254 2553 et
267 2485 433 2567 sabbatum
446 2483 485 2546 de
497 2483 646 2561 sabbato,
663 2498 694 2559 et
704 2485 808 2549 veniet
820 2487 924 2548 omnis
936 2509 1009 2550 caro
1022 2487 1145 2552 adora»

134 2612 169 2657 re
181 2591 215 2654 in
228 2587 443 2663 Hierusalem,
463 2584 537 2648 dicit
551 2584 709 2650 dominus.
753 2587 850 2670 Quod
863 2587 1064 2673 intelligimus
1078 2586 1133 2653 ad·

133 2691 300 2777 impletum
314 2688 508 2773 temporibus
521 2684 653 2766 Christi,
672 2691 801 2772 quando
815 2678 1023 2767 omnisffio,
1038 2688 1074 2755 id
1084 2697 1132 2754 est

134 2794 238 2860 omnis
256 2813 332 2877 gens
350 2790 482 2856 adorare
496 2790 529 2853 in
542 2789 739 2864 Hierusalem
754 2791 854 2867 venit,
873 2789 982 2855 Deum
996 2778 1131 2874 patrem,
1201 2806 1211 2825 ·

133 2919 190 2983 per
208 2894 321 2960 Jesum
334 2890 512 2968 Christum,
539 2889 639 2954 lilium
660 2890 744 2974 ejus,
768 2892 847 2956 sicut
868 2913 925 2977 per
936 2891 1130 2977 Prophetam

132 2997 329 3085 praedictum
342 3008 402 3060 est:
444 2993 528 3057 Ecce
541 2991 693 3079 Proselyti
705 3015 762 3077 per
773 3014 825 3057 me
839 2993 880 3058 ad
891 3007 921 3058 te
933 2995 1031 3062 ibunt
1075 2982 1129 3061 si'c

130 3101 226 3187 igitur
245 3111 318 3162 ante
336 3096 398 3160 hoc
416 3095 583 3160 sabbatum
609 3095 783 3179 temporale
807 3108 875 3159 erat
901 3109 932 3160 et
960 3088 1130 3160 sabbatum

131 3196 316 3277 aeternum,
349 3212 586 3283 praeostensum
607 3211 637 3262 et
657 3197 870 3282 praedictum,
905 3198 1070 3280 quomodo
1096 3211 1129 3263 et

130 3317 206 3369 ante
225 3301 496 3366 circumcisionem
519 3298 677 3363 carnalem
696 3299 755 3362 fuit
766 3314 797 3364 et
809 3298 954 3383 spiritalis
967 3300 1127 3364 'circumci-

130 3406 177 3470 sio
193 3417 404 3489 praeostensa.
455 3399 603 3487 Denique
617 3400 768 3479 doceant,
785 3398 891 3464 Adam
905 3401 1127 3479 sabbatizasse,

130 3519 186 3572 aut
198 3504 279 3569 Abel
298 3502 435 3568 hostiam
450 3501 521 3567 Deo
535 3517 678 3568 sanctam
691 3501 893 3580 offerentem,
920 3503 1043 3566 sabbati
1057 3504 1126 3567 reli·

130 3610 257 3694 pionem
270 3592 440 3692 placuisses
470 3619 525 3668 aut
537 3602 650 3671 Enoch
665 3604 868 3682 translatum,
895 3604 1016 3668 sabbati
1029 3603 1126 3666 culto·

128 3706 198 3775 rem
216 3690 339 3775 luisse:¹
361 3722 416 3772 ant
430 3706 517 3785 Noe,
550 3730 641 3773 arcae
661 3705 880 3772 fabricatorem
899 3720 1027 3790 propter
1046 3707 1126 3769 dilu-

129 3813 218 3876 vium
238 3814 448 3887 immensum,
476 3810 642 3873 sabbatum
663 3809 858 3876 observasse:
890 3822 944 3871 aut
962 3807 1126 3872 Abraham

129 3914 163 3978 in
177 3913 394 3978 observatione
405 3913 544 3991 sabbati,
563 3912 649 3975 isaac
661 3908 761 3973 filium
772 3932 867 3974 suum
881 3910 1049 3974 obtulisse:
1070 3923 1126 3973 aut

127 4013 360 4083 Melchisedech
379 4016 413 4082 in
431 4037 490 4082 suo
510 4014 686 4084 sacerdotio
705 4012 806 4101 legem
824 4013 1125 4113 sabbatiascepisse.
