2536 4492
446 320 527 338 ........
578 282 632 361 50

40 471 43 477 ¹
116 441 183 511 Sed
198 442 312 508 dicturi
324 455 397 508 sunt
409 441 540 509 Judaei:
556 462 609 508 'ex
628 443 774 528 quohoc
788 428 1118 528 pmeceptunrllat'um

116 560 165 616 est
184 569 242 632 per
259 546 416 635 Moysen,
442 543 555 611 exinde
573 545 807 632 observandum
826 545 930 612 fuisse.
980 545 1119 614 Marito

110 662 203 717 ¹stum
217 663 264 715 est
276 651 405 734 itaque,
423 648 537 713 nonin
550 662 714 737 aeternum
726 644 785 714 nec
798 644 951 733 spiritale,
970 649 1027 715 sed
1037 640 1118 717 temss

30 813 32 816 .
119 751 230 835 porale
250 749 345 814 fuisse
362 742 580 841 praecdf'ltnm,
617 748 706 835 qtio‘d
733 749 927 837 quandoque
956 748 1168 818 cessaret.”ti

122 851 248 935 Deinde
266 853 388 917 sabbati
406 850 508 938 le'geln
528 852 568 917 ab
587 853 664 937 ipsis
677 852 808 918 Judaeis
832 854 990 919 interdum
1014 854 1121 940 negle-

125 967 209 1018 ctam
230 975 297 1019 esse
317 952 469 1040 ostendit3
500 956 551 1018 cui
565 954 824 1020 demonstrationi
835 955 922 1020 addit
938 957 1122 1042 hujusmodi

41 1066 44 1073 '
116 1054 375 1133 conclusionem:
422 1054 542 1135 „Unde
555 1058 775 1138 manifestum,
796 1058 837 1124 ad
849 1073 974 1144 tempus
985 1074 1016 1125 et
1030 1080 1122 1143 prae·

123 1158 220 1222 sentis
244 1179 373 1225 caussae
390 1160 607 1223 necessitatem
626 1160 807 1244 hujusmodi
827 1176 993 1246 praecepta
1006 1184 1123 1227 conva-

122 1257 235 1337 luisse,
255 1264 367 1327 utnon
381 1259 422 1325 ad
435 1263 577 1345 perpetui
592 1266 740 1347 temporis
753 1260 1004 1331 observationem
1016 1265 1122 1351 hujus·

124 1360 215 1431 modi
231 1361 334 1448 legem
347 1363 391 1430 eis
403 1361 492 1429 Deus
506 1369 580 1429 ante
595 1364 730 1431 dedisset
739 1357 801 1450 '‘h'’

209 1587 382 1674 Scriptores
401 1592 494 1676 igitur
516 1590 731 1670 ecclesiastici,
761 1592 822 1676 qui*
835 1611 949 1657 aevum
976 1589 1126 1676 apostoli·

126 1711 201 1755 cum
215 1678 357 1775 proxime
370 1680 542 1791 attingunt,
570 1692 744 1779 desabbati
756 1695 790 1757 in
805 1695 878 1757 solis
893 1692 977 1758 diem
991 1693 1126 1756 transla-

126 1793 214 1856 tione
232 1792 310 1857 nihil
327 1794 463 1861 tradunt.
518 1792 663 1873 Etenim,
686 1798 733 1859 uti
751 1796 905 1875 vidimus,
930 1816 969 1860 ea
987 1807 1129 1872 tantum,

48 1922 52 1930 ·
127 1888 212 1979 quae
232 1895 272 1958 ab
287 1893 448 1980 Apostolis
469 1896 510 1962 de
527 1896 575 1960 his
587 1898 680 1962 rebus
693 1882 859 1982 praecepta
871 1895 1012 1985 fuerunt,
1035 1915 1127 1979 repe·

127 1997 215 2073 tunt,
241 1996 497 2082 contenduntque
516 1999 700 2077 sabbatum,
725 2001 811 2084 c'ujus
825 1997 1128 2084 perpetua‘cetehra·

128 2098 176 2163 tlo
188 2096 371 2164 mortalibus
384 2120 405 2165 a
417 2097 489 2166 Deo
501 2123 568 2165 non
580 2102 732 2166 mandata
743 2103 800 2179 sit,
819 2100 904 2165 haud
919 2090 1054 2184 amplius
1068 2098 1128 2161 Ju-

21 2208 24 2212 '
130 2197 283 2265 dacorum
298 2222 388 2267 more
403 2206 562 2288 agendum
577 2225 653 2287 esse.
702 2201 818 2288 Neque
837 2217 944 2266 tamen
962 2199 1038 2267 inde
1052 2222 1128 2265 con·

128 2300 287 2386 sequitur,
315 2300 509 2370 Christianos
528 2303 644 2369 saeculi
663 2304 793 2368 secundi
812 2318 842 2368 et
859 2304 940 2369 tertii
956 2302 1049 2389 hujus
1064 2303 1129 2369 diei

128 2402 376 2491 celebrationem
387 2428 513 2491 prorsus
525 2405 712 2493 neglexisse,
732 2425 850 2490 eosque
861 2404 923 2468 hoc
934 2405 985 2469 die
1002 2405 1042 2468 ad
1058 2426 1131 2491 pre-⁴

131 2525 183 2594 css
204 2503 381 2573 fundendas
408 2524 439 2593 et
466 2530 582 2593 panem
602 2494 810 2591 frangendum
837 2529 904 2570 non
932 2509 1128 2572 convenisse.

107 2620 112 2631 “
130 2604 191 2675 Uti
203 2606 529 2697 enimdpostolo'rum
543 2631 640 2687 aevo,
666 2610 710 2672 ita
721 2611 892 2692 posteriore
907 2630 1036 2694 quoque
1050 2624 1131 2675 tem-

20 2712 24 2719 '
130 2731 210 2795 pore
237 2710 303 2801 hie·
317 2712 383 2779 dies
410 2733 498 2777 sacer
524 2732 544 2774 a
566 2710 708 2794 plurimis
736 2710 909 2803 habebatur
931 2710 1129 2776 Christianis.

135 2804 235 2897 Qu'od
262 2817 319 2878 etsi
338 2838 359 2879 a
384 2811 585 2897 scriptoribus
604 2812 721 2876 saeculi
738 2813 884 2890 secundi,
921 2829 956 2878 ut
975 2815 1129 2898 equidem

131 2918 215 2994 scio,
243 2932 350 3002 aperte
361 2936 427 2979 non
440 2927 725 2990 commemoratum
737 2915 793 2992 sit,
821 2929 959 2981 tamene
979 2916 1130 2981 Barna·

131 3017 205 3081 hae
233 3032 264 3082 et
295 3019 442 3104 Ignatii
469 3016 558 3081 dictis
578 3002 673 3099 supia
685 3016 810 3094 allatis,
844 3015 1129 3087 multosChristia·

132 3141 250 3184 norum
268 3121 361 3203 hujus
381 3119 444 3184 diei
457 3119 576 3184 cultum
590 3140 657 3181 non
670 3110 773 3182 solum
787 3119 968 3196 retinuisse,
996 3118 1053 3184 sed
1066 3119 1130 3183 sin·

133 3222 224 3308 gulos
244 3225 339 3288 etiam
358 3221 459 3307 (quod
478 3221 518 3286 de
545 3211 764 3303 Ebionahis
795 3234 878 3284 certo
901 3223 1036 3298 constat)
1050 3221 1130 3303 aju-

71 3382 74 3387 ⁴
133 3324 225 3388 daica
254 3327 319 3408 ejus
342 3324 559 3411 observatione
577 3319 722 3387 nondum
741 3321 937 3399 decessisse,¹
962 3321 1036 3385 solis
1057 3320 1130 3385 luce

88 3500 91 3507 ,
133 3418 245 3493 clarius
263 3436 403 3512 apparet.
452 3422 599 3500 Accedit,
627 3412 713 3507 quod
729 3414 898 3506 scriptores¹
911 3414 1032 3486 saeculi
1044 3423 1129 3487 tertii

133 3543 166 3592 et
184 3531 288 3614 quarti
306 3529 473 3598 sabbatum
493 3524 578 3611 apud
591 3539 709 3590 veteres
720 3522 914 3590 Christianos
925 3523 1038 3588 iisdem
1051 3521 1131 3600 fere,

135 3632 250 3714 quibus
270 3630 335 3695 dies
358 3630 551 3705 dominicus,
578 3628 727 3712 religiosis
741 3617 978 3692 solennitatibus
992 3625 1133 3721 celebra-¹

133 3744 203 3795 tum
222 3753 305 3810 esse,
334 3730 442 3797 multis
450 3729 620 3797 'alhrmont
639 3730 736 3811 locis,
761 3751 899 3817 quorum
920 3742 1129 3815 paucostan·

152 4004 199 4113 ἰ)
218 4018 368 4099 οεζιῑὴζι.
385 4062 410 4104 0.
426 4042 451 4102 t.
469 4059 498 4115 p.
514 4020 659 4104 aso-'tm
673 4022 691 4049 ²
