2536 4492
448 281 534 304 ........
534 254 537 261 -
585 226 645 326 24.

112 430 178 500 quo
191 413 497 509 ipsenesurrexerat,
518 409 719 501 cqnvenisse3
740 408 830 494 quod
840 407 988 494 quidem,
1006 411 1111 497 singu·

69 526 72 543 ³
110 514 170 578 lari
185 512 418 598 discipulorum
439 512 604 579 observata
625 509 822 589 conditione,
849 534 887 577 ex
904 534 939 578 re
958 515 1028 599 ipsa
1046 515 1112 579 sac·

112 630 183 680 tum
210 634 279 681 esse
303 615 476 699 intelliges,
496 614 568 692 ita,
600 627 636 677 ut
655 614 772 699 -pr'ocul
796 614 894 679 dubio
915 616 1032 678 mirum
1053 614 1112 679 tihi

114 715 290 795 videretur,
316 716 345 780 si
356 715 560 800 proderetur,
584 735 639 782 eos
661 738 727 780 non
748 717 843 784 luisse
865 730 1079 804 congregatos.

132 870 135 875 '
200 868 374 948 Videamus
391 871 485 964 igitur
500 892 581 937 num
593 842 671 939 alter
683 870 812 943 sortasse
828 873 933 954 locus,
966 873 990 937 J
996 893 1111 938 oann.

112 978 180 1051 20,
205 973 265 1041 26.
285 974 316 1057 *)
343 975 413 1067 plns
439 974 543 1040 valeat
565 974 608 1040 ad
632 992 720 1054 rem,
754 975 794 1042 de
817 1000 882 1061 qua
902 976 1112 1060 disputamus,

13 1096 14 1104 ’
89 1077 94 1093 ¹
115 1084 363 1151 discernendam.
385 1119 388 1126 ·
407 1077 505 1159 ‚Post
520 1081 600 1160 oe'to
616 1086 714 1165 dies,
742 1087 834 1154 refert
859 1087 1021 1164 Joannes,
1055 1091 1112 1168 (ex

116 1213 183 1276 quo
202 1193 345 1276 primum
363 1193 477 1263 Jesum
497 1197 673 1263 redivivum
693 1198 837 1264 viderant
851 1193 1014 1279 Apostoli,
1039 1193 1071 1257 h.
1083 1215 1116 1265 e·-

112 1311 149 1367 ἐν
158 1309 212 1384 μιᾷ
224 1311 281 1365 τῶν
294 1307 456 1384 σαββάτων)
479 1307 609 1373 iterum
624 1323 727 1376 erant
742 1307 947 1396 congregati
959 1303 1116 1392 discipu·

97 1387 165 1482 «ll,
197 1401 404 1482 arvernas
427 1410 579 1476 eumilo.
640 1411 707 1479 sed
732 1410 825 1487 inde,
858 1406 945 1492 quod
968 1408 1114 1473 Joannea

116 1499 206 1565 dicit:
253 1501 369 1565 iterum
394 1506 513 1584 (nitar)
539 1518 630 1570 erant
657 1503 836 1590 congregati
853 1502 1015 1586 discipuli,
1045 1524 1114 1568 uon

116 1603 338 1686 consequitur,
360 1623 414 1668 eos
435 1606 518 1674 intra
538 1606 600 1671 hos
618 1605 769 1672 octodies
781 1626 848 1668 non
860 1606 986 1689 saepius
997 1626 1114 1673 'conve-

115 1705 214 1789 nisse3
241 1703 513 1770 verosimillimum
526 1711 631 1790 potius
645 1723 707 1787 est,
732 1728 787 1774 eos
798 1707 949 1791 quotidie
965 1706 1023 1772 illo
1035 1722 1118 1785 tem·

114 1827 195 1891 pore
215 1806 413 1885 maluisse,
443 1822 568 1894 semper
588 1823 818 1894 exspectantes,
845 1807 931 1885 fore,
964 1823 1000 1874 ut
1018 1810 1115 1876 Jesus

115 1909 232 1973 iterum
251 1930 306 1975 eos
327 1908 517 1976 conveniret.
540 1910 601 1962 -ὲκ
641 1911 814 1995 Sequimur
835 1910 977 1974 enimin
999 1910 1062 1976 hac
1081 1933 1118 1979 re

116 2011 305 2093 exponenda
334 2012 439 2075 solum
469 2010 663 2090 loannem,
684 2034 824 2096 quocum
847 2011 1017 2102 relationes
1038 2013 1118 2080 alio·

16 2138 20 2145 ·
115 2134 188 2177 rum
208 2111 535 2199 Evangetisurumtt)
552 2129 584 2181 et
599 2114 764 2194 Pauliffl)
786 2112 872 2177 haud
888 2112 970 2180 bene
983 2135 1117 2200 congru·

116 2228 184 2279 unt.
200 2250 244 2296 ···.
284 2214 397 2302 ltaque
419 2217 480 2283 hoc
507 2238 637 2303 quoque
663 2215 714 2281 die
735 2236 802 2277 non
824 2204 897 2278 earn
921 2216 963 2280 ob
985 2240 1118 2283 causam

117 2319 296 2408 congregati
319 2334 427 2401 erant,
463 2320 562 2406 qlod·
575 2319 670 2385 Jesus
696 2318 811 2382 eodem
838 2337 857 2381 e
885 2318 1019 2381 mortuis
1046 2332 1119 2384 erat

116 2414 299 2498 suscitatus,
319 2442 425 2506 neque
446 2437 482 2486 ut
504 2421 723 2487 diemfesrum
736 2432 873 2504 agerent.
916 2417 1062 2485 Concedi
1075 2435 1120 2486 ta·

116 2539 192 2583 men
220 2535 338 2604 potest,
366 2524 534 2608 discipulos
562 2522 692 2588 forsitan
716 2523 902 2601 credidisse,
927 2520 1045 2586 Jesum
1066 2542 1119 2587 eo·

118 2620 210 2699 dem,
238 2645 303 2706 quo
331 2626 471 2709 primum
492 2626 579 2709 ipsos
604 2639 677 2709 post
701 2625 963 2723 resurrectiggtem
990 2625 1121 2702 viserat,

64 2725 66 2729 ’
119 2721 171 2789 die
190 2724 233 2788 ad
251 2724 337 2808 ipsos
356 2726 530 2814 rediturum
548 2745 636 2806 esse,
653 2724 791 2819 ideoque
813 2714 1006 2805 coifienisse

201 2877 241 2944 In
265 2855 448 2955 uniuersum
468 2894 577 2946 autem
597 2879 638 2946 de
651 2882 806 2947 omnibns
822 2881 899 2946 locis
921 2902 959 2947 ex
980 2893 1121 2966 quatuor

117 2979 325 3065 Evangelistis
345 2981 447 3046 allatis
468 2982 782 3060 observandumest,
816 2980 939 3047 nullam
957 2983 996 3046 iis
1016 2983 1122 3048 inesse

117 3076 275 3167 probandi
295 3084 379 3161 vim,
416 3085 570 3166 quoniam
591 3099 665 3150 ante
686 3083 840 3168 Spiritum
861 3098 1011 3167 sanctum
1031 3083 1121 3166 Apo·

78 3202 81 3209 ’
118 3183 207 3248 stolis
237 3179 518 3273 quinquagesimae
541 3186 592 3252 die
615 3187 724 3251 datum
745 3187 849 3250 utullus
871 3187 1005 3273 omnino
1030 3184 1122 3251 Chri·

117 3288 295 3352 stianorum
323 3302 430 3354 coetus
457 3287 498 3353 ab
524 3287 572 3351 his
594 3274 797 3374 congregatus
824 3302 886 3368 est,
927 3274 993 3372 qui'
1012 3278 1136 3354 sacros⁸

6 3457 10 3466 ,
118 3403 292 3457 conventus
311 3411 420 3477 agere,
447 3404 612 3477 certosque
632 3391 697 3459 dies
718 3389 874 3458 celebrare
892 3378 1059 3476 potuisset.
1110 3390 1114 3398 '

152 3678 185 3751 *)
200 3684 258 3736 Kal
273 3682 336 3757 μεθ’
357 3682 461 3760 ἡμέρας
479 3681 551 3741 ὀκτώ
571 3675 657 3739 πάλιν
673 3670 748 3752 ἦσαν
760 3679 814 3738 ἔσω
828 3677 862 3770 tit
873 3677 1001 3755 μαθητὰ
1019 3676 1121 3748 aizoi,
1159 3748 1161 3787 Ι

185 3769 234 3822 καὶ
250 3771 352 3841 Θωμᾶς
361 3770 419 3844 μα’
435 3769 534 3828 αὐτῶν.
557 3787 566 3813 ··
671 3820 673 3825 ,
964 3776 968 3786 ’

153 3887 202 3954 *n
221 3888 420 3961 cenasse,
440 3896 537 3952 ress.
572 3889 761 3953 nonnas,
778 3898 805 3954 t.
820 3896 911 3952 rose
969 3910 972 3917 Δ

153 3983 582 4087 ”norrenses-n„
952 3974 957 3985 ³
999 4014 1001 4019 “

471 4240 473 4245 ⁸
508 4308 545 4387 u
