2536 4492
502 286 582 307 ........
629 251 661 347 ,7

145 420 201 501 ges
225 411 324 478 lucus
328 433 442 479 carem
505 411 569 499 Fui
594 410 744 493 infirmis,
775 408 905 495 perinde
933 431 971 476 ac
991 388 1145 489 infirmus,
1184 462 1188 479 .

120 540 212 602 quo
230 517 372 582 infirmds
394 482 615 581 lucrificarem:
658 514 795 597 denique
822 513 981 598 quibusvis
1017 515 1140 598 quidvis

141 617 206 698 sui,
233 633 269 682 ut
291 619 423 681 omnino
445 606 571 702 aliquds
593 635 751 679 servarem
772 614 832 698 *).”

200 719 406 804 Apostoli
396 721 489 819 igitur
511 721 550 785 de
571 719 684 783 rebus
694 718 790 817 sacris
809 730 841 783 et
859 715 943 780 lestis
964 716 1102 780 diebus
1091 742 1138 802 Ju-

140 822 302 898 dicarunt,
339 835 449 906 utpote
477 823 516 886 de
544 821 654 897 rebus,
689 840 785 903 quas,
819 840 919 903 quum
947 840 1013 881 non
1032 818 1100 881 ad
1090 841 1136 901 rp
1200 900 1202 907 ¹

139 945 212 988 sam
235 922 413 1007 pertineant
439 923 641 1008 religionem,
682 919 877 986 Christianus
908 922 1042 1005 quisque
1082 935 1137 985 aut

141 1026 307 1089 observare
330 1025 430 1107 possit
450 1038 505 1088 aut
523 1023 688 1108 negligere.
736 1022 815 1086 Inde
832 1022 1050 1086 concludimus
1065 1022 1133 1084 illos

139 1139 259 1203 certas,
304 1125 473 1209 quaexhuc
500 1124 691 1208 spectarent,
729 1124 812 1208 leges
839 1124 1041 1188 sectatoribus
1068 1126 1132 1186 suis
1204 1129 1211 1142 '

135 1247 316 1313 proponere
347 1247 389 1292 ne
416 1226 551 1290 voluisse
581 1225 710 1310 quidem
737 1227 805 1309 **.)
868 1224 994 1308 Maiora
1029 1227 1132 1307 potius

136 1343 246 1407 erant,
283 1340 367 1423 quae
393 1327 576 1392 curabant.
603 1327 690 1390 verbi
718 1327 815 1391 divini
833 1349 893 1412 per
910 1340 1062 1391 terrarum
1084 1348 1133 1389 οι·

136 1432 212 1495 bem
229 1418 437 1516 praedicatio;
465 1444 496 1493 et
517 1417 716 1492 iudaeorum
737 1445 767 1494 et
771 1428 966 1514 gentilium
974 1428 1014 1492 ad
1034 1427 1131 1493 fidem

133 1533 170 1598 in
202 1528 363 1597 Christum
390 1532 589 1597 servatorem
617 1533 757 1617 vocatio;
804 1530 900 1594 salsae
932 1529 1146 1594 ,ludaeorum

133 1635 303 1721 praecipue
330 1618 489 1717 opinionis
509 1632 560 1695 de
587 1584 784 1695 obs'ervanda
810 1631 876 1715 lege
902 1631 1004 1695 Mosis
1033 1633 1137 1696 caeri-

133 1734 284 1813 moniali,
313 1756 405 1818 quast
396 1735 459 1798 ad
481 1752 591 1797 veram
612 1733 747 1821 salutem
765 1735 1008 1798 nanciscendam
1025 1754 1130 1798 neces·

132 1832 1052 1918 sariafflsutatio.Om1t10‚quodlllloslrem1us***)
1073 1858 1128 1920 op·
1192 1920 1200 1942 x

130 1959 267 2030 portuno
289 1955 536 2043 commemorat,
564 1940 848 2008 incredibile
868 1965 982 2020 esse,
1015 1942 1127 2032 Apo

131 2042 298 2122 stolon,
330 2044 432 2128 qui
438 2056 667 2108 terrarum
696 2043 817 2110 orbis
841 2049 1038 2112 exitium
1059 2039 1140 2112 aiu·

130 2160 367 2231 ceramque
395 2139 661 2212 Servacoris
698 2151 847 2213 nostri
884 2135 1126 2214 aduentum

130 2249 365 2341 imminere
387 2244 635 2332 putabant,
657 2247 710 2311 de
734 2246 962 2338 religione
982 2255 1124 2317 caeri-

129 2351 299 2415 moniis
328 2364 370 2413 et
396 2337 721 2437 diebusfescis
741 2353 941 2418 ornanda
967 2370 1011 2416 ec
1034 2375 1125 2418 mu·

128 2451 303 2517 nienda
328 2447 754 2544 sollicitosfuisse.

214 2546 279 2611 Sed
303 2559 376 2608 sunt
396 2546 476 2607 inter
494 2546 577 2608 viros
602 2547 728 2624 doctos,
762 2549 849 2611 utin
870 2549 1124 2615 antecedentibus

128 2648 417 2714 commemoratum
440 2659 502 2724 est,
529 2649 586 2731 qui
605 2647 666 2712 hoc
683 2648 814 2734 quidem
835 2651 927 2714 nobis
940 2652 1124 2741 concedant,

130 2875 146 2887 ··
163 2855 191 2926 *J
210 2853 255 2910 cl.
276 2857 297 2909 1.
314 2856 390 2915 Cor.
411 2863 444 2922 9,
471 2862 607 2918 20-22
629 2872 742 2930 ecquae
758 2859 832 2915 ML
848 2857 1070 2913 Boehmerus
1088 2860 1125 2913 ds

191 2939 247 2996 huo
259 2956 289 2994 ro
304 2943 459 3015 disputavit
469 2941 491 3003 1.
508 2943 573 2998 lin
586 2944 695 3006 dissert,
720 2945 762 2998 de
778 2958 876 2999 stato
897 2944 1122 3000 Christiano·

132 3086 136 3101 ·
196 3027 346 3081 rumdie
365 3029 580 3100 §.46.p.7st.

159 3127 206 3199 ⁴¹¹¹)
224 3128 387 3206 inepirt31.
401 3125 705 3191 aticorinth:e.14¹
734 3130 834 3186 Paulus
850 3132 964 3200 quidem
978 3135 1123 3207 praecipit,

194 3232 250 3284 qna
263 3219 370 3270 ratione
383 3217 542 3272 inatiuendi
555 3220 612 3271 sint
624 3232 776 3272 conventus
788 3217 914 3290 publici,
928 3208 1030 3288 'quisve
1044 3221 1076 3273 in
1086 3218 1122 3271 il-

194 3301 236 3373 lin
245 3303 313 3355 ordo
328 3304 530 3368 observandus,
546 3318 575 3357 at
588 3301 664 3370 nibil
675 3305 711 3357 de
724 3294 1001 3387 sutbponvbntuum
1014 3305 1124 3365 diebus,

193 3403 246 3440 nec
258 3387 292 3440 de
305 3400 447 3461 temporo,
472 3407 529 3458 quo
544 3405 574 3442 se
587 3389 623 3441 ad
639 3405 716 3444 sacra
730 3393 884 3462 peragenda
899 3390 1063 3463 congregare
1075 3391 1122 3443 de·
1162 3411 1164 3417 ·

193 3474 279 3527 beant
290 3471 462 3540 Christiani,
484 3475 607 3545 subjicit.
635 3474 693 3526 -Ex
710 3470 807 3546 regula
825 3480 937 3549 potius,
952 3495 1049 3546 :quam
1063 3494 1121 3531 ser-

194 3560 312 3612 vandam
336 3561 486 3633 proponit,
521 3551 646 3631 intelligi
664 3573 771 3631 potest,
802 3562 995 3616 inviolabilem
1013 3578 1041 3619 et
1058 3580 1120 3638 per:-

184 3645 309 3716 'petuam
326 3642 419 3718 legem
435 3648 469 3700 ab
487 3647 550 3720 ipso
568 3643 643 3698 baud
659 3644 759 3709 ltmm,
782 3646 831 3700 sed
848 3649 879 3700 id
895 3659 1020 3713 tantum,
1045 3648 1121 3718 quod
1138 3662 1153 3721 ’ρ

193 3729 337 3799 praesenti
356 3744 448 3785 rerum
466 3732 625 3785 conditioni
643 3733 809 3786 conveniens
826 3733 982 3800 videretur,
1011 3736 1120 3806 exposi-

194 3825 257 3868 tum
274 3828 343 3870 etse.
379 3809 492 3882 Πάντα,
510 3818 620 3886 inquit,
644 3812 820 3888 εὐσχημόνως
835 3818 966 3875 καὶκατὰ
984 3817 1061 3883 τάξιν
1075 3841 1121 3889 μ-

151 3910 155 3917 ·
193 3899 296 3953 rme.

162 3995 225 4068 m)
245 3996 289 4062 ci
307 4001 522 4073 Ejusblnrtitc
541 4003 640 4068 histor.
658 4003 768 4064 coclea.
771 4007 846 4080 maji.
863 4011 973 4097 1².11.c3
989 4000 1123 4083 opere
