2536 4492
432 289 511 306 ........
560 250 585 328 5

73 419 202 493 diebus,
244 417 277 478 in
306 413 373 498 lege
404 413 545 478 mosaica
578 411 809 495 determinatis,
856 413 976 503 profert⁸
1004 434 1072 478 sen·

73 521 219 584 tentiam.
271 504 545 587 Etenim'Galatas
565 516 599 579 in
619 517 703 580 bunc
722 515 903 580 a'dbortatur
922 515 1071 593 modum:

72 619 138 700 „At
160 638 263 698 nunc,
288 641 363 684 cunr
387 620 592 704 cognoveritis
616 617 739 697 Deum,
769 618 819 683 vel
839 621 983 709 potiusque
998 616 1069 682 Deo
1084 677 1093 691 ,,

71 724 190 808 cogniti
208 724 290 800 sitis,
326 725 383 807 qui
402 722 453 798 fit,
489 736 523 783 ut
551 743 676 785 rursum
698 721 738 784 ad
760 719 885 783 infirma
906 740 1068 806 egenaque

70 825 227 890 elementa
247 808 304 888 vos
325 826 528 900 convertatis,
556 822 671 908 quibus
691 825 797 886 denuo
818 822 932 887 servire
952 819 1067 885 vultis?

68 927 148 993 Dies
178 926 347 991 observatis
385 942 416 991 et
444 947 569 990 menses
593 939 624 989 et
651 940 795 1009 tempora
821 938 852 989 et
880 947 981 1015 annos
1003 922 1066 1002 *).’¹

67 1029 193 1094 Deinde
215 1031 329 1114 pergit:
372 1026 505 1106 „Metuo
528 1027 693 1111 equidem,
719 1049 760 1091 ne
788 1026 900 1091 frustra
921 1028 955 1089 in
977 1028 1066 1089 vobis

67 1132 278 1197 laboraverim
298 1131 379 1216 **).”
443 1124 566 1195 Eadem
596 1131 750 1195 sententia
780 1133 910 1194 recurrit
938 1133 970 1192 in
1000 1132 1086 1212 epi·

64 1233 147 1298 stola
166 1231 208 1296 ad
230 1228 450 1327 quossenses:
499 1233 624 1311 „Nemo
647 1253 703 1294 vos
725 1232 854 1297 damnet
875 1232 1002 1318 piopter
1024 1234 1087 1317 cip

63 1336 144 1401 bum
158 1349 212 1399 aut
224 1336 469 1418 potionem‚'aut
483 1350 610 1421 propter
624 1337 835 1421 anniversaria
841 1359 930 1401 sacra
943 1349 996 1399 aut
1008 1356 1062 1399 no·

63 1436 184 1500 vilunia
198 1451 253 1500 aut
265 1437 407 1517 sabbata,
430 1461 511 1524 qnae
525 1452 597 1501 sunt
611 1438 715 1499 reru'm
730 1435 905 1501 suturarum
919 1436 1062 1511 umbrae,

63 1560 203 1627 quarum
224 1561 338 1622 corpus
357 1555 404 1603 est
425 1539 565 1604 Christus
577 1524 683 1623 ‚***).⁵’
727 1535 851 1621 Quibus
875 1539 977 1602 verbis
1000 1538 1061 1600 hoc

61 1639 200 1707 declarat
220 1640 404 1725 Apostolus:
454 1641 561 1707 Nemo
586 1639 784 1704 Judaeorurn
815 1643 944 1726 legibus·
958 1642 997 1705 de
1018 1638 1061 1705 se·

60 1757 183 1809 storum
205 1744 388 1826 rituumque
416 1743 633 1808 observatione
663 1765 720 1805 vos
742 1746 932 1828 obstringere
952 1757 1060 1826 atque,

58 1847 87 1911 si
108 1844 178 1909 illas
200 1844 371 1928 negligitis,
395 1845 547 1908 damnare
569 1844 694 1908 audeat.
737 1846 819 1909 Sunt
839 1848 925 1910 enim
948 1867 1060 1912 omnes

56 1947 98 2015 ab
115 1945 311 2010 bominibus
333 1948 434 2025 latae,
473 1935 648 2029 earumque
677 1969 751 2009 usus
781 1948 807 2009 is
832 1963 894 2025 est,
936 1963 971 2012 ut
999 1972 1058 2029 usu
1128 2002 1131 2009 ,
1205 1942 1208 1949 ’

57 2063 189 2139 pereant
206 2051 255 2134 †);
302 2050 395 2132 quasi
423 2048 614 2113 adumbrant
639 2047 837 2133 disciplinam
863 2050 942 2113 Jesu
971 2048 1067 2116 Chri·
1157 2096 1160 2101 ·

55 2152 98 2216 sti
128 2151 257 2234 ejusque
278 2148 478 2234 religionem,
521 2170 604 2234 quae
628 2163 659 2212 et
681 2163 743 2226 est,
790 2164 820 2213 et
842 2166 925 2216 recte
944 2151 1057 2216 dicitnr

53 2252 106 2318 lex
126 2250 275 2316 libertatis
299 2253 408 2335 (νόμος
435 2248 613 2336 ἔλευθερίας)
628 2251 683 2334 ἡ).
748 2248 948 2332 Quibuscum
964 2256 1057 2336 opli-

54 2376 110 2419 me
132 2354 341 2430 conveniunt,
377 2374 459 2437 quae
482 2352 569 2416 idem
590 2349 776 2416 Christianis
797 2351 923 2417 Romae
945 2355 1056 2438 degen-

53 2458 138 2521 tibus
164 2456 284 2519 scribit:
341 2453 452 2533 „Alius
482 2455 567 2518 diem
599 2455 749 2539 diemque
776 2454 938 2532 discernit,
975 2455 1054 2519 alios

36 2561 201 2644 ,quemvis
223 2557 308 2621 diem
330 2576 489 2640 peraeque
513 2560 665 2623 aestimat.
715 2555 816 2620 Suam
838 2560 1054 2642 quisque'seu·

52 2662 188 2727 tentiam
208 2660 405 2743 exploratam
426 2657 540 2721 babeat
557 2657 649 2742 iffi?

139 2761 289 2826 Paulus
309 2763 419 2845 igitur,
446 2773 489 2827 ut,
501 2781 539 2823 ex
562 2761 608 2822 bis
629 2762 777 2844 omnibus
800 2776 948 2845 apparet,
967 2760 1055 2827 Chri·
1125 2774 1127 2779 '

51 2865 174 2931 stianos
212 2863 357 2951 certiores
389 2863 491 2926 iacere
523 2854 641 2926 studuit
668 2862 707 2926 de
734 2864 861 2927 illorum
888 2865 1055 2940 erroribus,

52 2966 113 3051 qui
138 2962 299 3029 mosaicae
326 2962 401 3048 legis
431 2960 648 3047 festorumque
680 2958 802 3030 dierum
837 2966 1056 3030 observatione

49 3064 117 3131 Dei
140 3066 272 3151 gratiam
295 3064 356 3128 sibi
376 3062 537 3128 conciliari
558 3087 651 3147 posse
674 3067 819 3147 credant,
850 3090 950 3151 quum
965 3065 1054 3131 Cbri·
1153 3046 1157 3063 ⁸

52 3171 171 3233 stianos
205 3189 336 3233 omnem
355 3179 501 3231 aeternae
523 3152 629 3235 salutis
650 3190 740 3252 spem
762 3191 782 3232 a
802 3167 865 3232 fide
886 3172 921 3231 in
943 3168 1052 3233 Serva·

50 3286 156 3337 torem
176 3285 274 3355 atque
292 3269 333 3332 ab
354 3267 453 3332 animi
476 3268 589 3349 pietate
612 3269 720 3333 deceat
742 3285 893 3354 repetere.
939 3271 1051 3354 ltaque

49 3371 139 3441 nulla
165 3371 303 3454 amplius
331 3369 369 3431 iis
384 3366 435 3431 'sit
463 3366 526 3452 jugi
555 3372 688 3435 mosaici
716 3358 945 3439 castimonialis
974 3372 1050 3436 obli·

50 3475 155 3561 gatio,
179 3472 338 3556 hujusque
359 3469 434 3555 legis
460 3469 656 3535 observantia
678 3474 745 3556 jam
772 3496 837 3535 non
875 3475 1048 3539 necessi-

48 3577 164 3652 tatis,
192 3574 249 3637 sed
270 3572 424 3638 liberae
448 3568 668 3637 voluntatis
686 3573 832 3640 babendo
853 3576 901 3640 sit.

51 3715 258 3732 ψ

86 3799 115 3870 t>
132 3789 178 3856 ct.
196 3797 274 3853 oar
291 3797 323 3860 t,
340 3803 366 3857 u
385 3803 427 3858 ro.
532 3795 639 3866 *oct
659 3800 850 3866 oa1.t,11.

86 3900 149 3970 lli)
168 3899 213 3959 Cf.
229 3899 365 3957 Coton.
381 3907 416 3965 2,
435 3906 527 3961 lidi·
630 3899 662 3968 ¹1¹)
683 3901 726 3956 Ci.
744 3903 881 3962 Colono.
898 3909 931 3966 9,
947 3909 991 3963 22·
1006 3905 1051 3961 23·

41 4008 44 4013 ·
85 4000 142 4076 tu
161 4000 207 4060 ct·
223 4005 294 4075 irc.
309 4011 345 4069 e.
364 4008 407 4067 te
510 4000 586 4072 itt)
612 4000 657 4060 cr.
673 4007 765 4063 nom.
783 4008 830 4072 14,
847 4011 872 4067 s.
888 4012 914 4066 s.
