2536 4492
1012 263 1022 280 δ

487 310 508 327 <l
618 306 643 381 4
720 328 722 332 y
838 299 884 324 a.

487 339 775 358 ιιιιιιιιιιιιιιιι
914 356 918 363 ,

134 475 218 540 diem
238 470 312 536 solis
329 483 401 556 post
412 467 548 542 excisam
561 466 856 556 Hierosolymorum
870 468 1000 548 urbem,
1029 468 1134 535 immo

133 578 192 642 sub
205 577 322 641 exitum
333 573 425 656 hujus
436 570 554 635 saeculi
566 571 696 635 demum
710 587 926 638 consecratum
939 571 1043 650 fuisse,
1059 592 1134 635 con·

134 679 268 745 tendunt
285 679 350 763 *).s
379 673 430 738 llli
447 673 488 738 all
506 660 693 738 sententiam
712 697 804 738 suam
822 676 1022 760 probandam
1039 674 1133 758 plura

60 813 64 820 ·
133 779 335 855 testificantur
346 776 575 861 Apostolorum
592 776 691 855 dicta,
720 763 803 861 quae'
822 780 922 864 capite
938 778 1029 843 tertio
1041 799 1132 843 accu-

92 872 96 880 ’
134 879 337 948 rateanobis
348 879 595 964 explicabuntur.
644 877 750 942 Antea
764 881 866 958 enim,
893 879 976 964 quid
984 877 1131 962 Apostoli

133 982 173 1053 iu
196 987 378 1049 universum
396 983 435 1048 de
454 976 539 1048 iestis
555 982 666 1047 diebus
679 996 709 1057 et
727 982 836 1046 ritibus
855 983 949 1045 sacris
956 982 1132 1058 senserint,

70 1129 73 1135 ›
135 1086 361 1170 exponendum
374 1101 428 1152 est
490 1121 496 1131 x

44 1180 46 1187 ’
221 1186 368 1254 Paulus
381 1181 489 1254 contra
502 1164 572 1252 illos
587 1187 723 1271 disputat
734 1208 972 1271 saepenumero,
986 1208 1042 1269 qur
1033 1183 1130 1269 legis

133 1290 293 1355 mosaicae
310 1290 557 1368 caerimonialis,
591 1290 774 1373 praesertim
791 1289 913 1352 sabbati
931 1287 1131 1372 aliorumque

134 1386 285 1455 festorum
298 1393 548 1457 observationem
561 1405 713 1475 tanquam
726 1391 856 1455 unicum
867 1389 973 1454 salutis
985 1390 1130 1453 medium

133 1492 207 1556 fidei
231 1491 355 1559 Christo
374 1493 539 1560 habendae
558 1492 736 1575 adjunxere.
785 1491 854 1569 Sic,
886 1505 921 1554 ut
940 1492 1130 1573 sententiam

134 1593 283 1677 exemplis
298 1594 503 1674 illustrem,
493 1618 527 1658 ιιι
547 1594 681 1678 epistola
700 1592 740 1657 ad
755 1591 885 1658 Galatas
903 1593 943 1658 de
962 1590 1129 1679 gentilibus

60 1742 62 1745 -
133 1694 288 1778 loquitur,
330 1699 386 1780 qui
405 1695 529 1763 Christo
548 1694 679 1779 quidem
697 1714 818 1759 nomen
836 1695 1002 1772 dederant,
1033 1693 1130 1758 seda

132 1796 217 1863 lalsis
244 1797 423 1875 doctoribus
439 1799 578 1881 corrupti
598 1797 693 1862 etiam
710 1768 812 1881 legem
829 1790 1005 1861 mosaicam
1024 1797 1128 1860 obser·

132 1897 272 1965 eandam
285 1921 351 1966 esse
371 1901 590 1989 opinabantur.
637 1895 765 1963 Fatetur
777 1899 843 1983 **),
870 1921 904 1964 se
917 1912 1011 1965 antea
1024 1920 1126 1983 popu·

131 2001 211 2065 lares
232 2003 266 2065 in
287 2002 447 2068 Judaismi
467 1999 610 2087 proiectu
633 1998 725 2082 longe
745 2020 924 2085 superasse,
948 2014 1050 2085 seque
1072 2018 1126 2082 pa·

79 2149 81 2154 -
131 2106 263 2167 triarum
273 2105 508 2177 institutionum
529 2102 624 2166 fuisse
637 2100 919 2183 studiosissimum,
946 2101 1047 2165 donec
1060 2118 1126 2164 me·

132 2204 346 2289 liora-ipsum
375 2206 482 2270 divina
504 2203 646 2270 docuerit
676 2204 784 2287 gratia.
847 2201 1010 2268 Admonet
1031 2204 1126 2285 igitur

132 2302 281 2384 Galatas,
302 2321 352 2384 ut,
377 2329 455 2394 non
468 2306 546 2393 legis
557 2305 717 2372 mosaicae
737 2305 971 2382 observatione,
996 2305 1053 2368 sed
1075 2327 1125 2369 so·

130 2407 207 2471 lain
220 2404 380 2473 Christum
393 2409 455 2474 fide
473 2432 505 2474 se
520 2407 679 2493 justificari
690 2407 851 2471 credentes
865 2406 954 2488 ***),
980 2409 1015 2469 in
1035 2406 1125 2471 liber·

129 2516 234 2586 tates
258 2510 291 2572 in
316 2534 414 2595 quarn
438 2509 578 2577 Christus
602 2531 657 2575 eos
679 2502 866 2584 adseruatis,
908 2512 1075 2591 persistant
1094 2511 1124 2592 †)

128 2633 208 2674 neve
228 2612 341 2677 iterum
368 2614 481 2698 jugum
501 2613 657 2701 servitutis
686 2611 831 2681 subeant.
881 2609 1032 2694 Namque
1054 2632 1122 2687 vos,

127 2714 246 2796 inquit,
271 2713 312 2787 ad
335 2714 510 2783 libertatem
528 2715 632 2778 vocati
653 2714 725 2776 estis
748 2716 805 2796 ἥ).

135 2851 138 2857 -
213 2813 306 2897 Quae
335 2814 411 2879 locis
440 2816 539 2880 allatis
566 2806 598 2879 e't
626 2814 700 2878 alibi
724 2828 832 2880 contra
860 2813 935 2896 legis
961 2812 1121 2876 mosaicae

18 2946 21 2955 =
36 2973 37 2977 ,
127 2916 380 2983 observationem
393 2918 566 3003 generatim
579 2916 725 3006 disputat,
750 2937 787 2978 ea
800 2916 963 2999 speciatim
982 2915 1026 2977 ihi
1041 2915 1119 2997 quo-

127 3039 190 3101 que
216 3017 369 3103 applicat,
404 3020 460 3084 ubi
487 3019 527 3085 de
556 3017 748 3106 celebrandis
774 3014 858 3082 festis
887 3030 918 3081 et
937 3016 1023 3081 statis
1050 3015 1118 3080 aliis

121 3172 334 3188 *nu-
376 3186 378 3191 Ι

194 3244 255 3326 6ιῦ5.
272 3275 300 3333 p.
321 3264 361 3316 17·
404 3257 462 3315 Die
477 3256 639 3314 Gesolielrte
655 3260 705 3314 der
720 3259 797 3315 alten
812 3254 915 3310 Kirclre
931 3253 1022 3318 lehre,
1048 3253 1116 3307 das.-

85 3340 94 3351 ”
145 3346 151 3354 ‘
191 3342 424 3415 gleichnsangs
439 3342 491 3409 det
498 3346 745 3419 judiseheSabbat
761 3346 791 3411 in
801 3345 878 3398 einen
890 3344 949 3410 Tug
965 3341 1015 3395 des
1024 3341 1117 3394 Herm

191 3430 353 3496 (Cbrt'scue-
364 3429 449 3501 Tag),
465 3430 604 3503 Soantag)
618 3432 807 3503 merwundess,
823 3429 883 3484 und
896 3446 962 3481 vom
977 3425 1118 3480 siebenten

194 3518 269 3586 Tage
284 3519 344 3586 auf
355 3518 408 3573 den
422 3534 514 3576 ersten
529 3521 640 3590 verlegt
655 3510 785 3576 roardo*

156 3635 183 3705 *l
203 3635 246 3696 Cl.
269 3635 360 3693 thil.
378 3640 395 3695 J
401 3656 447 3693 ae.
467 3616 743 3726 nortmannum*
761 3639 805 3693 De
828 3639 909 3690 ‘rebus
928 3636 1012 3708 gestis
1030 3632 1120 3685 Chri·'

187 3737 341 3881 {anpppp
357 3728 408 3781 sub
423 3726 738 3847 Apostolis‘Commeut.
764 3723 855 3781 Berol.
875 3728 951 3782 1699.
967 3740 993 3782 c.
1010 3719 1069 3831 XV.
1084 3738 1114 3792 p.

105 3932 116 3957 ι
154 3928 200 3998 *rt
219 3928 265 3991 ct.
282 3931 355 3986 ost
373 3939 405 3997 ι,
422 3917 468 3996 ἰι
487 3937 528 3999 15.
635 3935 695 4002 Μ)
715 3930 759 3988 ct.
775 3931 851 3994 cat.
875 3910 903 3993 ε’.

71 4045 435 4185 *becomes
516 4024 866 4141 'ratptoatnra
964 4065 967 4070 ·
